1943 2400
1584 135 1613 178 7

226 236 302 283 sibi
332 236 604 297 persuadebit,
633 236 724 292 illa,
756 251 860 297 quae
882 237 932 283 de
956 252 1009 283 eo
1030 237 1266 296 disputauit,
1285 235 1353 281 vel
1373 239 1583 282 minimam
1608 250 1673 280 ve·

224 304 260 346 ri
288 304 464 359 speciem
493 299 662 354 habere,
688 314 818 359 quum
845 301 946 344 haec
974 301 1102 358 mythi
1124 297 1336 358 particula,
1367 312 1408 343 vt
1430 298 1677 352 videbimus,

224 364 309 406 vim
339 362 508 421 quidem
534 354 711 421 alitiuam
738 361 904 416 habeat,
934 377 1017 407 non
1044 359 1179 406 autem
1199 365 1253 405 ita
1278 364 1416 417 grauis
1436 364 1507 414 sit,
1537 372 1581 405 vt
1599 358 1673 404 ille

224 438 314 469 eam
336 425 591 473 existimauit.
620 444 678 454 ·--
728 428 868 468 Moses
887 423 1137 469 Mendelides
1156 439 1257 469 vero
1278 425 1466 479 mythum
1489 433 1673 467 nostrum

224 487 279 530 ita
305 487 607 543 interpretatur,
637 496 681 529 vt
702 499 775 543 per
794 487 942 529 Penian
965 486 1145 531 studium
1166 485 1509 544 cupiditatemque
1532 486 1672 540 imagi·

225 549 416 600 nationis,
445 561 518 604 per
551 550 703 591 Porum
724 558 861 590 autem
887 545 1095 604 pulchram
1116 545 1419 605 perfed‘oemque
1444 549 1673 589 varietatem

224 605 424 665 intelligat
431 622 444 660 3
474 610 617 667 sicque
641 619 752 666 putat
779 606 894 653 facile
924 606 1100 666 intelligi
1130 622 1270 666 posse,
1299 607 1513 667 quomodo
1544 610 1676 651 Amor

223 667 512 714 coniunctione
545 672 753 730 Vtriusque
781 669 944 729 prodire
969 673 1159 729 potuerit.
1221 672 1277 714 At
1299 672 1475 728 primum
1498 666 1678 727 philoso-

223 732 328 790 phus
361 730 450 786 ille,
481 746 611 791 quum
639 733 744 777 hanc
776 736 1016 777 sententiam
1039 744 1302 791 proponeret,
1333 747 1415 785 non
1443 734 1537 776 satis
1558 745 1675 788 repu-

223 796 344 848 tauit,
373 796 573 839 Amorem
590 810 612 838 a
626 797 787 840 Socrate
804 797 845 840 in
867 809 1081 853 personam
1105 807 1306 840 mutatum
1327 808 1438 848 esse,
1467 792 1539 838 sed
1563 806 1677 838 amo·

223 871 313 901 rem
334 858 392 902 in
423 854 623 901 abstracto
659 869 816 901 tantum
848 870 889 901 et
906 872 969 901 ne
997 862 1090 902 satis
1119 857 1284 918 quidem
1314 868 1496 900 accurate
1524 858 1678 912 cogita·

222 919 280 962 vit
311 922 352 969 8.
415 916 545 981 Qod
572 929 614 961 vt
641 919 730 962 fieri
756 921 799 962 in
825 919 909 962 hoc
936 919 1080 976 mytho
1109 918 1222 963 nullo
1245 917 1373 963 modo
1401 916 1593 970 debebat,
1621 919 1678 962 ita

223 982 346 1024 etiam
384 981 507 1023 Penia
544 993 625 1023 non
660 994 732 1037 per
768 980 949 1024 studium
984 980 1324 1041 cupiditatemque
1366 982 1680 1037 imaginationiS‚

223 1040 336 1102 quod
365 1053 426 1085 est
455 1054 708 1101 consequens
731 1052 774 1086 et
808 1045 937 1100 magis
969 1041 1020 1086 ad
1052 1046 1203 1088 Porum
1228 1045 1420 1101 pertinet,
1450 1040 1522 1086 sed
1543 1044 1680 1101 potius

222 1118 296 1163 pet
325 1101 531 1148 deffefium
560 1118 727 1158 eorum,
755 1120 860 1165 quae
892 1103 1080 1163 pulchra,
1110 1104 1239 1159 bona,
1269 1103 1444 1164 perfesta
1466 1116 1581 1159 sunt,
1612 1119 1680 1147 ex·

222 1163 361 1225 plicari
400 1163 580 1210 debebat.
658 1169 769 1210 Hinc
798 1181 884 1212 non
913 1166 1127 1212 verisimile
1156 1168 1335 1219 videtur,
1362 1165 1582 1224 {Platonem
1611 1165 1679 1209 ina

223 1224 446 1285 cogitasse,
484 1242 614 1286 quum
640 1230 793 1272 Porum
827 1241 985 1285 patrem
1017 1241 1058 1272 et
1083 1232 1246 1273 Peniam
1281 1241 1455 1272 matrem
1479 1231 1628 1273 Amori
1654 1241 1680 1271 a

223 1293 388 1347 Socrate
414 1287 538 1331 tribui
571 1286 743 1344 iuberet.
781 1301 839 1318 -’-
900 1290 987 1333 Iam
1016 1289 1231 1347 repudiatis
1253 1288 1494 1346 Sydenhami
1522 1301 1563 1333 et
1586 1293 1682 1334 Mo-

221 1353 276 1396 sis
308 1347 566 1394 Mendelidae
592 1347 946 1407 explicationibus,
978 1351 1076 1409 quid
1105 1352 1206 1394 mihi
1230 1351 1282 1394 de
1301 1351 1386 1394 hoc
1409 1352 1553 1407 mytho
1575 1351 1682 1395 vides

223 1424 333 1465 atur,
378 1410 554 1455 breuiter
583 1413 637 1454 ita
667 1410 821 1465 dicam,
866 1422 910 1455 vt
939 1410 1117 1469 singulas
1149 1414 1241 1456 eius
1268 1425 1396 1470 partes
1426 1410 1680 1471 perlustrem.

222 1476 274 1521 Et
300 1476 481 1532 primum
508 1473 672 1533 quidem
701 1476 898 1527 Veneris,
919 1472 1213 1531 pulcherrimae
1246 1474 1433 1528 dearum,
1464 1475 1534 1518 die
1559 1473 1682 1520 natali

224 1534 380 1580 nullam
403 1534 526 1578 aliam
546 1533 602 1578 ob
627 1547 810 1577 caussam
832 1546 951 1577 natus
975 1544 1062 1578 esse
1084 1534 1245 1589 dicitur,
1269 1549 1393 1594 quam
1415 1548 1459 1579 vt
1484 1548 1683 1593 appareat,

225 1596 443 1659 quomodo
469 1596 560 1650 fiat,
589 1607 634 1639 vt
654 1598 801 1641 Veneti
827 1595 987 1658 semper
1004 1595 1235 1653 adhaereat,
1263 1610 1383 1657 atque
1402 1596 1505 1643 adeo
1526 1595 1581 1643 nil
1606 1598 1682 1644 nisi

224 1659 287 1713 id,
312 1658 427 1718 quod
449 1656 663 1716 pulchrum
692 1671 774 1711 est,
803 1657 1018 1714 sectetur„
1049 1662 1168 1702 Hanc
1194 1673 1330 1703 autem
1359 1672 1518 1704 tantum
1549 1674 1684 1719 neque

226 1721 347 1770 aliam
376 1722 463 1768 vim
490 1717 549 1767 illi
579 1714 773 1781 temporis
803 1718 957 1767 fiffloni
986 1722 1143 1778 inesse,
1175 1720 1396 1768 elatissime
1416 1735 1522 1783 patet
1547 1736 1598 1767 ex
1619 1725 1683 1780 iis,

183 1805 188 1808 ·
1512 1800 1620 1846 quae

334 1915 420 1951 Grnf.
443 1918 492 1950 Fr.
513 1918 609 1962 Leop.
631 1927 676 1950 zu
698 1916 845 1962 Stolbetg
864 1917 1051 1954 Uebersetz.
1074 1918 1287 1952 ause'rlesener
1310 1919 1486 1962 Gespr'n‘che
1502 1920 1574 1952 Pht.
1589 1930 1620 1959 p.
1633 1924 1681 1953 κέ

275 2031 304 2063 ι.
326 2016 414 2058 Nam
443 2033 625 2068 quanquam
657 2024 816 2067 concedo,
845 2026 1005 2060 Socratem
1035 2026 1069 2060 in
1091 2025 1296 2071 sequentibus
1319 2026 1357 2061 ab
1372 2028 1513 2066 Amore,
1532 2038 1678 2074 persona,

334 2078 374 2111 ad
406 2087 545 2111 amorem
578 2080 612 2112 in
642 2080 794 2115 abstineto
825 2082 973 2115 transite.-
1005 2090 1113 2116 tamen
1135 2083 1171 2116 in
1191 2081 1306 2126 mytho
1328 2083 1398 2127 ipso
1420 2092 1574 2126 pez-some
1596 2085 1676 2117 tatio

331 2140 456 2177 sempet-
477 2140 525 2165 est
543 2131 698 2169 habenda.
