1943 2400
313 138 357 205 ς8

268 263 369 310 quae
399 248 677 293 illustrationis
703 247 851 292 ’caussa
876 249 1021 305 mytho
1048 248 1172 307 paulo
1198 252 1361 295 inferius
1394 263 1436 306 9.
1470 251 1733 300 adiiciuntur:

270 325 307 351 διο
344 323 373 353 δη
402 320 449 357 ιςςᾷ
484 333 531 353 της
560 318 718 360 Ἀφξοδιτης
747 318 887 352 σῖκολκῧος
914 320 962 357 ιζςιὶ
1000 321 1126 361 Supra-m
1156 333 1258 358 γιγονεν
1296 322 1308 350 ὃ
1331 318 1429 361 Ἐξιιις,
1460 321 1589 358 ’γενιηθεις
1625 323 1648 351 ἦν
1676 335 1732 355 τοις

269 377 360 407 inum
389 375 537 410 qma->um
573 378 620 411 m
649 375 714 413 αἱμα
745 380 822 410 Qvo-u
844 375 946 413 ’ἔξεις-ης
976 372 1008 404 οὖν
1037 387 1097 414 mea
1127 388 1158 405 το
1188 381 1284 413 namu,
1322 387 1365 413 aeq
1391 387 1440 417 γης
1462 373 1617 415 Ἀφξοδιτης
1645 382 1731 409 naam

267 427 340 462 §rna
370 444 416 451 -
440 419 605 462 Metidis
640 432 774 461 autem
798 421 956 462 mentio
982 418 1080 462 facia
1103 434 1163 463 est
1188 431 1417 477 propterea,
1449 427 1491 463 vt
1514 433 1734 477 appareret,

270 496 471 542 quaenam
503 483 744 525 nominatim
779 479 1020 525 abundantia
1044 484 1084 526 in
1107 485 1237 535 Poro,
1271 480 1357 526 filio
1380 485 1489 537 eius,
1519 482 1733 539 cogitanda

270 556 395 596 esset,
426 554 547 602 atque
580 543 704 595 adeo,
737 555 779 586 vt
811 546 940 587 Porus
973 558 1057 588 non
1087 556 1243 588 tanturn
1264 566 1291 584 ι
1283 551 1390 593 ’τιμὴ
1411 544 1481 587 sed
1513 548 1633 588 etiam
1648 558 1731 590 σιφκ

269 617 491 679 putaretur.
556 604 683 668 Qod
714 603 877 662 quidem
909 618 1122 679 propterea
1146 609 1416 650 necessarium
1442 618 1545 659 erat,
1558 608 1668 666 quia
1688 608 1734 649 in

269 670 337 720 iis,
370 681 476 725 quae
505 679 751 726 sequuntur,
781 670 928 711 Amori
960 671 1128 712 virtutes
1163 667 1414 720 tribuuntur,
1447 682 1546 725 quas
1574 679 1733 723 tantum

268 728 417 774 habere
448 741 611 785 poterat
646 732 824 785 sapiente
847 741 888 772 et
913 728 1107 787 opulento
1133 742 1244 787 patre
1270 742 1400 772 natus.
1463 732 1559 771 Mea
1578 741 1735 773 senten-

269 794 322 835 tia
355 804 492 835 rursus
526 790 796 834 confirmatur
827 790 957 836 verbis
987 790 1162 836 audieris
1195 794 1340 845 nostri,
1370 805 1474 851 quae
1498 791 1627 846 mythi
1646 788 1734 835 illu÷

268 853 414 896 strandi
452 866 589 896 caussa
627 851 757 895 addita
797 851 1013 909 leguntur:
1043 871 1298 906 „us-mmm
1322 864 1395 899 om
1414 864 1457 895 te.
1476 875 1521 901 a,
1539 859 1638 903 sor-<⁸
1664 865 1733 900 ιο.

270 917 492 958 Caeterum
512 917 593 957 iam
617 928 669 957 ex
692 916 765 965 iis,
787 928 895 973 quae
913 915 1042 968 modo
1064 913 1168 959 dicia
1192 927 1306 969 sunt,
1338 913 1453 958 facile
1475 927 1652 972 apparet,
1669 927 1738 958 me

269 979 416 1034 partim
439 990 511 1034 per
535 978 687 1019 Porum
711 976 927 1032 significari
950 988 1091 1033 putare
1112 980 1326 1033 sapientiae
1348 979 1589 1020 nominatim
1613 974 1735 1019 abun-

269 1037 467 1090 dantiam,
498 1040 645 1094 partim
670 1039 773 1080 mihi
801 1037 930 1081 videri
955 1041 1103 1082 Porum
1130 1050 1342 1095 propterea
1365 1040 1510 1081 Amori
1533 1036 1732 1081 tributum

269 1114 359 1143 esse
385 1110 562 1156 patrem,
593 1111 636 1142 vt
654 1097 971 1155 intelligeretur,
1003 1113 1082 1158 qua
1108 1103 1263 1143 ratione
1285 1103 1328 1143 ei
1349 1101 1651 1155 eminentiores,
1682 1096 1731 1141 ad

270 1163 507 1220 sapientiam
554 1160 766 1214 ducentes,
805 1164 975 1206 virtutes
1007 1164 1282 1218 contigissent.
1318 1182 1373 1191 -
1455 1162 1585 1204 Porro
1613 1163 1734 1205 Penia

268 1237 399 1269 mater
420 1226 586 1267 Amoris
609 1223 754 1266 dicitur
776 1224 922 1274 fuisse,
949 1226 1043 1279 quia
1063 1223 1119 1267 ob
1146 1209 1404 1268 subiunfiam
1430 1224 1553 1278 huius
1573 1222 1734 1266 daemo-

271 1288 333 1330 nis
365 1283 677 1341 descriptionem
711 1282 943 1326 docendum
972 1293 1074 1335 erat,
1108 1282 1344 1342 quomodo
1354 1280 1507 1329 fastum
1531 1296 1660 1337 esset,
1692 1296 1735 1329 vt

271 1350 459 1399 virtum,
490 1359 590 1404 quas
619 1347 752 1388 Amor
781 1359 803 1387 a
835 1343 900 1388 tali
933 1357 1097 1404 tamque
1127 1349 1306 1402 sapiente
1339 1357 1388 1389 et
1408 1343 1589 1403 perfee’to
1623 1360 1734 1405 patre

272 1411 453 1466 accipere
486 1418 645 1464 posset,
681 1409 965 1449 minuerentur
997 1419 1038 1449 et
1073 1406 1395 1454 debilitarentur.
1459 1409 1578 1465 Hanc
1610 1410 1735 1465 igitur

269 1470 327 1516 ob
359 1482 544 1513 caussam
574 1471 722 1513 Amori
751 1467 875 1512 tribui
906 1466 1077 1512 debebat
1108 1481 1254 1523 mater,
1295 1484 1399 1529 quae
1429 1462 1732 1515 infirmitatibus

269 1531 473 1577 laboraret
519 1542 642 1588 atque
687 1529 790 1573 adeo
843 1528 991 1586 opibus
1030 1541 1071 1573 et
1109 1533 1300 1588 sapientia
1340 1543 1504 1577 careret.
1581 1534 1731 1576 Penian

270 1606 408 1639 autem
446 1608 492 1636 re
525 1607 617 1636 vera
648 1594 701 1635 ita
733 1606 840 1635 nunc
871 1590 1127 1648 cogitandam
1161 1606 1271 1644 esse,
1308 1592 1442 1636 videre
1471 1591 1565 1636 licet
1595 1608 1646 1636 ex
1677 1608 1735 1638 se·

271 1654 489 1716 quentibus
526 1668 541 1698 1
558 1669 592 1697 1.
584 1687 615 1708 .,
647 1651 714 1697 vbi
746 1665 876 1697 mater
905 1656 1070 1698 Amoris
1093 1654 1239 1698 dicitur
1269 1660 1287 1695 ἐ
1308 1670 1378 1701 σφι
1407 1670 1437 1694 er
1467 1660 1577 1704 aren.
1663 1658 1730 1699 Pa.

270 1731 405 1763 rentes
437 1719 564 1773 igitur
595 1718 638 1760 hi
668 1715 817 1760 diuersi
848 1717 1007 1759 nonnisi
1040 1728 1251 1774 propterea
1285 1715 1374 1771 lee‘ii
1409 1728 1525 1770 sunt,
1563 1729 1606 1761 vt
1636 1721 1733 1761 veri-

272 1779 403 1826 simile
434 1779 571 1833 fieret,
612 1782 758 1823 Amori
791 1792 833 1822 re
866 1793 958 1824 vera
990 1791 1172 1824 naturam
1207 1782 1295 1824 esse
1327 1782 1518 1832 mixtam,
1559 1791 1599 1823 et
1629 1782 1733 1824 inter

1581 1856 1694 1935 per·

316 1976 347 2007 9.
370 1962 444 1998 vid.
469 1963 583 2008 Symp.
606 1974 631 1997 c.
658 1974 706 2004 23,
731 1964 762 1999 5.

324 2065 377 2090 ιο.
401 2053 475 2088 vid.
500 2064 554 2097 23,
584 2065 627 2087 ιι.

321 2154 373 2180 ιι.
397 2143 469 2178 Vid.
489 2143 618 2178 ibidem.
