1943 2400
312 123 348 173 6

252 256 363 295 rem,
394 240 444 286 ab
467 241 978 298 Hesiodoveonfirmatam,
998 245 1235 301 opinionem
1261 258 1311 288 ex
1329 243 1446 289 Chao
1472 259 1610 290 rerum
1628 245 1719 303 prol

255 304 385 352 d'ierit.
447 307 521 348 Per
545 306 712 349 hortum
735 308 849 349 Iouis
873 305 1040 350 indicari
1067 305 1229 364 putabat
1250 310 1564 352 immensitatem
1591 310 1719 365 spatii,

256 366 325 411 vibi
363 369 531 425 quaeuis
552 366 717 424 pulchra
738 368 826 410 idea
849 368 1011 411 serenda
1034 370 1176 421 fuerit,
1208 381 1249 412 et
1270 373 1439 425 materia
1462 371 1636 414 formam
1660 372 1718 413 in-

256 429 411 480 duerit3
451 443 530 488 qua
567 429 732 488 quidem
761 430 921 473 formae
953 433 1227 490 materiaeque
1262 429 1551 476 coniunfflone
1581 442 1721 489 postea

256 493 392 536 omnis
420 493 580 547 generis
610 505 674 534 res
703 504 857 534 creatae
885 494 1112 546 extiterint,
1144 506 1315 550 quarum
1346 506 1531 553 quaeque
1562 494 1721 537 formae

256 551 364 598 illi-us
406 566 504 596 suae
534 551 828 610 perfed’tiouem
858 556 1057 612 consequi
1081 554 1295 602 studuerit.
1357 557 1406 598 Et
1426 555 1531 598 hanc
1549 554 1721 614 quidem

257 613 519 674 perfefiionis
549 617 591 657 in
618 613 854 658 hominibus
887 615 1149 673 cupiditatem
1172 615 1447 671 Sydenhamus
1470 615 1722 660 existimabat

258 691 334 736 per
360 680 560 721 Amorem
591 676 825 733 significari.
856 697 912 706 —
973 679 1089 721 Haec
1115 680 1244 734 igitur
1274 689 1336 721 est
1368 677 1610 733 Sydenhami
1634 681 1724 723 sen·

258 742 402 790 tentia,
428 751 533 796 quae
558 739 728 782 fortasse
750 742 830 783 iam
855 750 1065 797 propterea
1087 737 1223 783 multis
1241 737 1400 797 ,placere
1424 750 1579 797 potest,
1609 737 1722 798 quod

259 804 319 846 sic
353 814 498 845 omnes
527 802 657 855 mythi
687 812 818 858 partes
850 800 1070 859 explicatae
1098 804 1376 849 inueniuntur.
1440 802 1544 864 Qo
1579 804 1721 847 minus

260 877 403 909 autem
432 877 515 919 ego
547 865 635 921 ipse
662 864 760 907 huic
788 861 1049 921 explicationi
1081 876 1291 907 assensum
1322 861 1559 920 praebeam,
1590 866 1723 908 variae

261 929 437 972 rationes
471 925 717 982 impedi-unt.
794 927 914 969 Nam
943 938 1175 984 quanquam
1206 938 1273 978 ea,
1312 938 1417 984 quae
1448 938 1622 983 operosa
1654 922 1725 976 illa

261 987 530 1047 explicatione
561 986 811 1040 efficiuntur,
841 990 1042 1030 Amorem
1073 1000 1220 1043 nempe
1252 1000 1339 1030 esse
1369 984 1626 1043 perfefflonis
1657 1001 1727 1031 cu·

261 1051 495 1112 piditatem‚
535 1063 621 1093 non
652 1047 774 1107 plane
805 1047 931 1092 aliena
963 1059 1058 1092 sunt
1086 1063 1108 1091 a
1138 1050 1311 1092 Socratis
1343 1046 1541 1101 consilio,
1589 1061 1746 1092 tamen*

265 1117 449 1174 primum
478 1109 668 1165 arbitror,
699 1109 878 1169 singulas
908 1111 1037 1170 mythi
1061 1122 1190 1170 partes
1212 1110 1485 1165 artificiosius,
1513 1125 1638 1170 quam
1661 1126 1727 1155 ve-

261 1181 348 1222 rius
378 1188 469 1219 esse
497 1173 734 1232 exp·licatas.,-
765 1174 910 1217 deinde
934 1186 1059 1231 puto,
1087 1176 1130 1217 in
1157 1172 1362 1218 eiusmodi
1385 1173 1534 1229 mythis
1548 1170 1729 1229 singulas

262 1250 395 1300 partes
428 1250 549 1290 non,
567 1247 610 1280 vt
639 1233 691 1279 ab
722 1248 775 1281 eo
806 1234 958 1281 facium
982 1247 1065 1288 est,
1093 1237 1216 1279 nimis
1238 1235 1437 1289 vrgendas
1454 1249 1564 1287 esse,
1595 1249 1728 1296 quum

264 1314 352 1346 non
383 1309 530 1341 omnes
559 1294 807 1351 singularem
838 1297 923 1338 vim
953 1293 1122 1347 habere,
1147 1294 1223 1337 -sed
1258 1293 1479 1339 nonnullae
1494 1298 1730 1342 ornamenti

265 1373 425 1408 tantum
452 1371 588 1402 caussa
617 1356 708 1400 addi
743 1354 909 1411 soleant.
971 1358 1022 1400 Et
1052 1358 1233 1413 primum
1262 1356 1424 1416 quidem
1450 1370 1519 1411 ea,
1549 1373 1653 1416 quae
1678 1360 1730 1404 de

264 1423 446 1475 Metide,
476 1423 605 1473 Poro,
637 1421 760 1462 Penia
788 1430 829 1462 et
854 1420 1022 1462 Veneris
1049 1418 1116 1461 die
1140 1416 1265 1462 tiatali
1292 1418 1529 1476 disputauit‚
1560 1418 1727 1476 longius

264 1488 438 1546 repetita
467 1495 554 1526 esse
580 1479 788 1535 videntur,
817 1491 857 1524 et
882 1477 996 1524 valde
1028 1477 1194 1533 dubito,
1225 1494 1276 1524 an
1305 1482 1489 1525 Socrates
1519 1494 1564 1524 ea
1586 1484 1728 1526 omnia

265 1554 374 1595 inter
405 1545 507 1589 laeta
544 1541 694 1601 pocula
723 1544 985 1597 cogitauerit,
1023 1555 1129 1599 quae
1162 1539 1402 1596 Sydenhami
1432 1546 1643 1598 ingenium
1674 1547 1729 1587 ni-

267 1614 347 1656 mis
371 1620 495 1664 sagax
524 1607 656 1649 inesse
698 1602 877 1661 putabat.
948 1604 1153 1646 Nimirum
1184 1605 1306 1646 etiam
1337 1603 1418 1647 hoc
1448 1601 1547 1649 loco
1573 1607 1728 1650 nimius

268 1672 449 1720 Platonis
480 1682 595 1713 amor
627 1681 726 1712 eum
753 1664 942 1711 fefellisse
964 1664 1142 1720 videtur,
1164 1667 1237 1726 ‘qui
1258 1669 1413 1723 saepius
1432 1666 1589 1720 effecit,
1620 1680 1664 1711 vt
1684 1671 1729 1711 in

269 1747 414 1783 omnes
443 1729 678 1790 philosophi
703 1731 868 1774 virtutes
892 1740 1119 1787 penetrare,
1149 1742 1404 1788 omnemque
1426 1731 1617 1774 orationis
1642 1743 1730 1776 sen-

268 1801 569 1855 tentiarumque
595 1795 681 1837 vim
712 1804 754 1837 et
782 1790 1026 1850 elegantiam
1060 1782 1279 1838 enucleare
1311 1804 1352 1835 et
1381 1790 1579 1836 declarare
1610 1806 1728 1836 cona-

271 1874 384 1908 retur
409 1870 454 1918 7.
515 1854 676 1899 Deinde
708 1854 823 1913 quod
850 1854 899 1895 ad
927 1852 1095 1895 hortum
1120 1855 1242 1912 Iouis,
1260 1855 1422 1906 attinet,
1452 1855 1543 1914 quis
1566 1853 1729 1899 tandem

1590 1915 1668 1962 sibi

342 2029 375 2063 7.
395 2017 474 2051 Inde
506 2016 665 2060 quaesitae
695 2014 763 2047 eius
786 2022 818 2046 et
841 2023 991 2057 operosae
1016 2013 1192 2046 multorum
1216 2014 1359 2047 locorum
1383 2013 1607 2059 explicationes
1629 2013 1729 2048 fluxe·

385 2071 478 2100 runt,
505 2070 543 2095 vt
568 2072 611 2095 en
637 2059 893 2110 ⁴defxpollodori
915 2060 1024 2093 iocoso
1049 2060 1243 2104 cognomine
1268 2071 1294 2093 c.
1323 2070 1350 2098 t,
1384 2070 1431 2100 ις
1454 2060 1541 2105 quod
1560 2061 1729 2094 Schurzius

379 2109 485 2144 multo
508 2107 621 2141 renim
645 2107 817 2152 explicnuit
838 2106 934 2140 Lestt.
957 2106 1099 2140 Platona.
1122 2107 1207 2155 Part.
1223 2116 1257 2155 *¹¹
1274 2104 1315 2141 cf.
1336 2107 1563 2151 Morgenstem
1580 2106 1729 2183 iibgncles
