<?xml version="1.0" encoding="UTF-8"?>
<!DOCTYPE html PUBLIC "-//W3C//DTD XHTML 1.0 Transitional//EN"
    "http://www.w3.org/TR/xhtml1/DTD/xhtml1-transitional.dtd">
<html xmlns="http://www.w3.org/1999/xhtml" xml:lang="en" lang="en">
 <head>
  <title>
</title>
<meta http-equiv="Content-Type" content="text/html;charset=utf-8" />
  <meta name='ocr-system' content='tesseract 3.04.00' />
  <meta name='ocr-capabilities' content='ocr_page ocr_carea ocr_par ocr_line ocrx_word'/>
</head>
<body>
  <div class='ocr_page' id='page_1' title='image "4625106_0017.png"; bbox 0 0 1943 2400; ppageno 0'>
   <div class='ocr_carea' id='block_1_1' title="bbox 1580 125 1637 165">
    <p class='ocr_par' dir='ltr' id='par_1_1' title="bbox 1580 125 1637 165">
     <span class='ocr_line' id='line_1_1' title="bbox 1580 125 1637 165; baseline 0.07 -4"><span class='ocrx_word' id='word_1_1' title='bbox 1580 125 1637 165; x_wconf 81' lang='lat'>11</span> 
     </span>
    </p>
   </div>
   <div class='ocr_carea' id='block_1_2' title="bbox 233 229 1707 1170">
    <p class='ocr_par' dir='ltr' id='par_1_2' title="bbox 233 229 1707 1170">
     <span class='ocr_line' id='line_1_2' title="bbox 240 229 1707 295; baseline -0.003 -15"><span class='ocrx_word' id='word_1_2' title='bbox 240 245 305 288; x_wconf 83' lang='lat' dir='ltr'>vt,</span> <span class='ocrx_word' id='word_1_3' title='bbox 335 233 529 295; x_wconf 81' lang='lat' dir='ltr'><strong>quamdiu</strong></span> <span class='ocrx_word' id='word_1_4' title='bbox 565 232 614 277; x_wconf 87' lang='lat' dir='ltr'>ad</span> <span class='ocrx_word' id='word_1_5' title='bbox 646 230 800 291; x_wconf 84' lang='lat' dir='ltr'>pulchri</span> <span class='ocrx_word' id='word_1_6' title='bbox 827 229 1007 290; x_wconf 82' lang='lat' dir='ltr'>bonique</span> <span class='ocrx_word' id='word_1_7' title='bbox 1032 231 1335 289; x_wconf 84' lang='lat' dir='ltr'>possessionem</span> <span class='ocrx_word' id='word_1_8' title='bbox 1359 229 1546 276; x_wconf 86' lang='lat' dir='ltr'>nondum</span> <span class='ocrx_word' id='word_1_9' title='bbox 1565 243 1707 289; x_wconf 88' lang='lat' dir='ltr'>perue-</span> 
     </span>
     <span class='ocr_line' id='line_1_3' title="bbox 237 293 1703 353; baseline -0.002 -12"><span class='ocrx_word' id='word_1_10' title='bbox 237 301 316 351; x_wconf 86' lang='lat' dir='ltr'>nit,</span> <span class='ocrx_word' id='word_1_11' title='bbox 359 313 402 341; x_wconf 88' lang='lat' dir='ltr'>se</span> <span class='ocrx_word' id='word_1_12' title='bbox 434 309 592 340; x_wconf 84' lang='lat' dir='ltr'>exserat</span> <span class='ocrx_word' id='word_1_13' title='bbox 635 309 755 353; x_wconf 89' lang='lat' dir='ltr'>atque</span> <span class='ocrx_word' id='word_1_14' title='bbox 788 298 943 349; x_wconf 85' lang='lat' dir='ltr'>vigeat,</span> <span class='ocrx_word' id='word_1_15' title='bbox 980 294 1049 338; x_wconf 89' lang='lat' dir='ltr'>sed</span> <span class='ocrx_word' id='word_1_16' title='bbox 1082 293 1312 350; x_wconf 81' lang='lat' dir='ltr'>languescat</span> <span class='ocrx_word' id='word_1_17' title='bbox 1345 307 1463 352; x_wconf 81' lang='lat' dir='ltr'>atqne</span> <span class='ocrx_word' id='word_1_18' title='bbox 1492 296 1703 348; x_wconf 88' lang='lat' dir='ltr'>moriatur,</span> 
     </span>
     <span class='ocr_line' id='line_1_4' title="bbox 238 356 1702 419; baseline -0.002 -15"><span class='ocrx_word' id='word_1_19' title='bbox 238 359 401 419; x_wconf 86' lang='lat' dir='ltr'>quando</span> <span class='ocrx_word' id='word_1_20' title='bbox 435 357 653 417; x_wconf 83' lang='lat' dir='ltr'>pulchrum</span> <span class='ocrx_word' id='word_1_21' title='bbox 683 369 806 417; x_wconf 85' lang='lat' dir='ltr'>atque</span> <span class='ocrx_word' id='word_1_22' title='bbox 830 356 988 401; x_wconf 89' lang='lat' dir='ltr'>bonum</span> <span class='ocrx_word' id='word_1_23' title='bbox 1008 368 1248 415; x_wconf 86' lang='lat' dir='ltr'>exoptatum</span> <span class='ocrx_word' id='word_1_24' title='bbox 1269 356 1456 414; x_wconf 81' lang='lat' dir='ltr'>possidet.</span> <span class='ocrx_word' id='word_1_25' title='bbox 1518 359 1618 400; x_wconf 90' lang='lat' dir='ltr'>Huc</span> <span class='ocrx_word' id='word_1_26' title='bbox 1639 370 1702 401; x_wconf 86' lang='lat' dir='ltr'>ac·</span> 
     </span>
     <span class='ocr_line' id='line_1_5' title="bbox 236 417 1702 480; baseline -0.003 -14"><span class='ocrx_word' id='word_1_27' title='bbox 236 422 365 475; x_wconf 86' lang='lat' dir='ltr'>cedit,</span> <span class='ocrx_word' id='word_1_28' title='bbox 398 421 509 480; x_wconf 91' lang='lat' dir='ltr'>quod</span> <span class='ocrx_word' id='word_1_29' title='bbox 544 424 667 465; x_wconf 85' lang='lat' dir='ltr'>etiam</span> <span class='ocrx_word' id='word_1_30' title='bbox 689 434 773 464; x_wconf 90' lang='lat' dir='ltr'>non</span> <span class='ocrx_word' id='word_1_31' title='bbox 799 422 842 463; x_wconf 90' lang='lat' dir='ltr'>in</span> <span class='ocrx_word' id='word_1_32' title='bbox 867 435 942 463; x_wconf 88' lang='lat' dir='ltr'>vna</span> <span class='ocrx_word' id='word_1_33' title='bbox 966 419 1133 477; x_wconf 90' lang='lat' dir='ltr'>pulchra</span> <span class='ocrx_word' id='word_1_34' title='bbox 1156 435 1199 463; x_wconf 93' lang='lat' dir='ltr'>re</span> <span class='ocrx_word' id='word_1_35' title='bbox 1223 422 1459 479; x_wconf 78' lang='lat' dir='ltr'>acquiescit,</span> <span class='ocrx_word' id='word_1_36' title='bbox 1489 419 1557 462; x_wconf 91' lang='lat' dir='ltr'>sed</span> <span class='ocrx_word' id='word_1_37' title='bbox 1579 420 1626 463; x_wconf 82' lang='lat' dir='ltr'>ad</span> <span class='ocrx_word' id='word_1_38' title='bbox 1650 417 1702 462; x_wconf 89' lang='lat' dir='ltr'>al-</span> 
     </span>
     <span class='ocr_line' id='line_1_6' title="bbox 237 475 1702 541; baseline -0.002 -13"><span class='ocrx_word' id='word_1_39' title='bbox 237 497 364 528; x_wconf 85' lang='lat' dir='ltr'>teram</span> <span class='ocrx_word' id='word_1_40' title='bbox 396 486 538 528; x_wconf 86' lang='lat' dir='ltr'>transit</span> <span class='ocrx_word' id='word_1_41' title='bbox 568 485 637 530; x_wconf 75' lang='grc'>16.</span> <span class='ocrx_word' id='word_1_42' title='bbox 657 516 668 537; x_wconf 86' lang='grc'>,</span> <span class='ocrx_word' id='word_1_43' title='bbox 708 494 829 541; x_wconf 86' lang='lat' dir='ltr'>atque</span> <span class='ocrx_word' id='word_1_44' title='bbox 860 481 964 526; x_wconf 89' lang='lat' dir='ltr'>adeo</span> <span class='ocrx_word' id='word_1_45' title='bbox 990 485 1113 526; x_wconf 86' lang='lat' dir='ltr'>etiam</span> <span class='ocrx_word' id='word_1_46' title='bbox 1136 483 1219 526; x_wconf 92' lang='lat' dir='ltr'>hoc</span> <span class='ocrx_word' id='word_1_47' title='bbox 1240 475 1428 539; x_wconf 63' lang='lat' dir='ltr'>r&#39;espeRu</span> <span class='ocrx_word' id='word_1_48' title='bbox 1446 483 1621 524; x_wconf 84' lang='lat' dir='ltr'>mortalis</span> <span class='ocrx_word' id='word_1_49' title='bbox 1646 481 1702 525; x_wconf 88' lang='lat' dir='ltr'>di-</span> 
     </span>
     <span class='ocr_line' id='line_1_7' title="bbox 239 543 1702 609; baseline -0.002 -18"><span class='ocrx_word' id='word_1_50' title='bbox 239 551 277 591; x_wconf 92' lang='lat' dir='ltr'>ci</span> <span class='ocrx_word' id='word_1_51' title='bbox 309 561 392 591; x_wconf 90' lang='lat' dir='ltr'>non</span> <span class='ocrx_word' id='word_1_52' title='bbox 422 558 570 604; x_wconf 78' lang='lat' dir='ltr'>potest.</span> <span class='ocrx_word' id='word_1_53' title='bbox 600 567 656 576; x_wconf 86' lang='grc'>--</span> <span class='ocrx_word' id='word_1_54' title='bbox 720 547 865 609; x_wconf 79' lang='lat' dir='ltr'>Qum</span> <span class='ocrx_word' id='word_1_55' title='bbox 897 556 1036 590; x_wconf 87' lang='lat' dir='ltr'>autem</span> <span class='ocrx_word' id='word_1_56' title='bbox 1067 548 1197 590; x_wconf 90' lang='lat' dir='ltr'>Amor</span> <span class='ocrx_word' id='word_1_57' title='bbox 1227 543 1350 603; x_wconf 87' lang='lat' dir='ltr'>paulo</span> <span class='ocrx_word' id='word_1_58' title='bbox 1381 545 1546 589; x_wconf 88' lang='lat' dir='ltr'>inferius</span> <span class='ocrx_word' id='word_1_59' title='bbox 1569 559 1702 603; x_wconf 87' lang='lat' dir='ltr'>neque</span> 
     </span>
     <span class='ocr_line' id='line_1_8' title="bbox 237 606 1702 667; baseline -0.001 -17"><span class='ocrx_word' id='word_1_60' title='bbox 237 608 354 666; x_wconf 88' lang='lat' dir='ltr'>plane</span> <span class='ocrx_word' id='word_1_61' title='bbox 388 625 549 666; x_wconf 86' lang='lat' dir='ltr'>egenus,</span> <span class='ocrx_word' id='word_1_62' title='bbox 585 622 719 667; x_wconf 88' lang='lat' dir='ltr'>neque</span> <span class='ocrx_word' id='word_1_63' title='bbox 757 606 874 665; x_wconf 81' lang='lat' dir='ltr'>plane</span> <span class='ocrx_word' id='word_1_64' title='bbox 903 609 1005 649; x_wconf 84' lang='lat' dir='ltr'>diues</span> <span class='ocrx_word' id='word_1_65' title='bbox 1033 622 1119 650; x_wconf 88' lang='lat' dir='ltr'>esse</span> <span class='ocrx_word' id='word_1_66' title='bbox 1149 608 1313 651; x_wconf 89' lang='lat' dir='ltr'>dicitur:</span> <span class='ocrx_word' id='word_1_67' title='bbox 1351 608 1450 649; x_wconf 86' lang='lat' dir='ltr'>haec</span> <span class='ocrx_word' id='word_1_68' title='bbox 1484 606 1702 664; x_wconf 85' lang='lat' dir='ltr'>descriptio</span> 
     </span>
     <span class='ocr_line' id='line_1_9' title="bbox 237 667 1701 732; baseline -0.001 -16"><span class='ocrx_word' id='word_1_69' title='bbox 237 686 321 716; x_wconf 79' lang='lat' dir='ltr'>non</span> <span class='ocrx_word' id='word_1_70' title='bbox 345 671 578 716; x_wconf 89' lang='lat' dir='ltr'>aduersatur</span> <span class='ocrx_word' id='word_1_71' title='bbox 602 673 663 726; x_wconf 89' lang='lat' dir='ltr'>iis,</span> <span class='ocrx_word' id='word_1_72' title='bbox 696 672 857 732; x_wconf 88' lang='lat' dir='ltr'>quaein</span> <span class='ocrx_word' id='word_1_73' title='bbox 871 667 1196 715; x_wconf 84' lang='lat' dir='ltr'>antecedentibus</span> <span class='ocrx_word' id='word_1_74' title='bbox 1211 668 1263 715; x_wconf 90' lang='lat' dir='ltr'>de</span> <span class='ocrx_word' id='word_1_75' title='bbox 1285 680 1517 729; x_wconf 89' lang='lat' dir='ltr'>paupertate</span> <span class='ocrx_word' id='word_1_76' title='bbox 1535 671 1701 714; x_wconf 87' lang='lat' dir='ltr'>Amoris</span> 
     </span>
     <span class='ocr_line' id='line_1_10' title="bbox 236 732 1702 792; baseline -0.001 -15"><span class='ocrx_word' id='word_1_77' title='bbox 236 749 257 777; x_wconf 86' lang='lat' dir='ltr'>a</span> <span class='ocrx_word' id='word_1_78' title='bbox 289 733 458 779; x_wconf 82' lang='lat' dir='ltr'>Platone</span> <span class='ocrx_word' id='word_1_79' title='bbox 488 733 592 779; x_wconf 65' lang='lat' dir='ltr'>dicia</span> <span class='ocrx_word' id='word_1_80' title='bbox 625 746 731 783; x_wconf 81' lang='lat' dir='ltr'>sunt.</span> <span class='ocrx_word' id='word_1_81' title='bbox 774 743 779 746; x_wconf 81' lang='grc'>·’</span> <span class='ocrx_word' id='word_1_82' title='bbox 795 737 920 792; x_wconf 85' lang='lat' dir='ltr'>Supra</span> <span class='ocrx_word' id='word_1_83' title='bbox 953 737 1065 777; x_wconf 89' lang='lat' dir='ltr'>enim</span> <span class='ocrx_word' id='word_1_84' title='bbox 1081 751 1232 791; x_wconf 81' lang='lat' dir='ltr'>pauper</span> <span class='ocrx_word' id='word_1_85' title='bbox 1257 732 1480 787; x_wconf 88' lang='lat' dir='ltr'>dicebatur,</span> <span class='ocrx_word' id='word_1_86' title='bbox 1511 732 1605 792; x_wconf 80' lang='lat' dir='ltr'>quia</span> <span class='ocrx_word' id='word_1_87' title='bbox 1630 732 1702 777; x_wconf 84' lang='lat' dir='ltr'>bo·</span> 
     </span>
     <span class='ocr_line' id='line_1_11' title="bbox 235 794 1700 855; baseline -0.001 -15"><span class='ocrx_word' id='word_1_88' title='bbox 235 810 292 841; x_wconf 90' lang='lat' dir='ltr'>no</span> <span class='ocrx_word' id='word_1_89' title='bbox 315 809 355 841; x_wconf 88' lang='lat' dir='ltr'>et</span> <span class='ocrx_word' id='word_1_90' title='bbox 388 795 560 855; x_wconf 86' lang='lat' dir='ltr'>pulchro</span> <span class='ocrx_word' id='word_1_91' title='bbox 592 811 664 855; x_wconf 88' lang='lat' dir='ltr'>per</span> <span class='ocrx_word' id='word_1_92' title='bbox 691 810 734 841; x_wconf 87' lang='lat' dir='ltr'>se</span> <span class='ocrx_word' id='word_1_93' title='bbox 756 808 883 850; x_wconf 89' lang='lat' dir='ltr'>caret,</span> <span class='ocrx_word' id='word_1_94' title='bbox 914 796 996 841; x_wconf 88' lang='lat' dir='ltr'>hoc</span> <span class='ocrx_word' id='word_1_95' title='bbox 1020 794 1116 841; x_wconf 89' lang='lat' dir='ltr'>loco</span> <span class='ocrx_word' id='word_1_96' title='bbox 1140 809 1276 841; x_wconf 87' lang='lat' dir='ltr'>aurem</span> <span class='ocrx_word' id='word_1_97' title='bbox 1301 811 1387 841; x_wconf 86' lang='lat' dir='ltr'>non</span> <span class='ocrx_word' id='word_1_98' title='bbox 1410 794 1531 855; x_wconf 60' lang='lat' dir='ltr'>,plane</span> <span class='ocrx_word' id='word_1_99' title='bbox 1553 811 1700 855; x_wconf 81' lang='lat' dir='ltr'>egenus,</span> 
     </span>
     <span class='ocr_line' id='line_1_12' title="bbox 236 858 1700 919; baseline -0.001 -16"><span class='ocrx_word' id='word_1_100' title='bbox 236 872 432 919; x_wconf 85' lang='lat' dir='ltr'>quatenus</span> <span class='ocrx_word' id='word_1_101' title='bbox 465 860 696 903; x_wconf 89' lang='lat' dir='ltr'>vehementi</span> <span class='ocrx_word' id='word_1_102' title='bbox 733 874 810 904; x_wconf 93' lang='lat' dir='ltr'>suo</span> <span class='ocrx_word' id='word_1_103' title='bbox 832 858 967 905; x_wconf 90' lang='lat' dir='ltr'>studio</span> <span class='ocrx_word' id='word_1_104' title='bbox 994 858 1149 917; x_wconf 78' lang='lat' dir='ltr'>pulchri</span> <span class='ocrx_word' id='word_1_105' title='bbox 1172 872 1212 903; x_wconf 94' lang='lat' dir='ltr'>et</span> <span class='ocrx_word' id='word_1_106' title='bbox 1237 858 1334 904; x_wconf 89' lang='lat' dir='ltr'>boni</span> <span class='ocrx_word' id='word_1_107' title='bbox 1359 872 1481 916; x_wconf 85' lang='lat' dir='ltr'>saepe</span> <span class='ocrx_word' id='word_1_108' title='bbox 1500 861 1700 917; x_wconf 85' lang='lat' dir='ltr'>particeps</span> 
     </span>
     <span class='ocr_line' id='line_1_13' title="bbox 235 919 1701 979; baseline 0 -14"><span class='ocrx_word' id='word_1_109' title='bbox 235 922 298 970; x_wconf 88' lang='lat' dir='ltr'>fit.</span> <span class='ocrx_word' id='word_1_110' title='bbox 360 923 578 972; x_wconf 85' lang='lat' dir='ltr'>Caeterum</span> <span class='ocrx_word' id='word_1_111' title='bbox 605 936 689 965; x_wconf 90' lang='lat' dir='ltr'>non</span> <span class='ocrx_word' id='word_1_112' title='bbox 725 920 846 978; x_wconf 85' lang='lat' dir='ltr'>plane</span> <span class='ocrx_word' id='word_1_113' title='bbox 879 923 981 964; x_wconf 84' lang='lat' dir='ltr'>diues</span> <span class='ocrx_word' id='word_1_114' title='bbox 1014 935 1102 964; x_wconf 87' lang='lat' dir='ltr'>esse</span> <span class='ocrx_word' id='word_1_115' title='bbox 1131 925 1278 979; x_wconf 87' lang='lat' dir='ltr'>partim</span> <span class='ocrx_word' id='word_1_116' title='bbox 1307 934 1518 979; x_wconf 86' lang='lat' dir='ltr'>propterea</span> <span class='ocrx_word' id='word_1_117' title='bbox 1539 919 1701 974; x_wconf 72' lang='lat' dir='ltr'>dicitur,</span> 
     </span>
     <span class='ocr_line' id='line_1_14' title="bbox 234 981 1702 1045; baseline 0 -17"><span class='ocrx_word' id='word_1_118' title='bbox 234 981 346 1045; x_wconf 90' lang='lat' dir='ltr'>quod</span> <span class='ocrx_word' id='word_1_119' title='bbox 375 982 550 1042; x_wconf 88' lang='lat' dir='ltr'>pulchra,</span> <span class='ocrx_word' id='word_1_120' title='bbox 580 981 729 1043; x_wconf 89' lang='lat' dir='ltr'>quibus</span> <span class='ocrx_word' id='word_1_121' title='bbox 753 997 871 1027; x_wconf 87' lang='lat' dir='ltr'>amor</span> <span class='ocrx_word' id='word_1_122' title='bbox 893 986 1047 1042; x_wconf 90' lang='lat' dir='ltr'>potitus</span> <span class='ocrx_word' id='word_1_123' title='bbox 1075 996 1156 1038; x_wconf 87' lang='lat' dir='ltr'>est,</span> <span class='ocrx_word' id='word_1_124' title='bbox 1188 998 1239 1027; x_wconf 85' lang='lat' dir='ltr'>ex</span> <span class='ocrx_word' id='word_1_125' title='bbox 1263 987 1399 1029; x_wconf 84' lang='lat' dir='ltr'>animo</span> <span class='ocrx_word' id='word_1_126' title='bbox 1425 981 1641 1028; x_wconf 84' lang='lat' dir='ltr'>elabuntur</span> <span class='ocrx_word' id='word_1_127' title='bbox 1660 996 1702 1028; x_wconf 85' lang='lat' dir='ltr'>et</span> 
     </span>
     <span class='ocr_line' id='line_1_15' title="bbox 234 1044 1702 1106; baseline -0.001 -16"><span class='ocrx_word' id='word_1_128' title='bbox 234 1054 504 1100; x_wconf 82' lang='lat' dir='ltr'>euanescunt‚</span> <span class='ocrx_word' id='word_1_129' title='bbox 536 1050 681 1104; x_wconf 89' lang='lat' dir='ltr'>partim</span> <span class='ocrx_word' id='word_1_130' title='bbox 716 1046 829 1106; x_wconf 90' lang='lat' dir='ltr'>quod</span> <span class='ocrx_word' id='word_1_131' title='bbox 863 1059 947 1090; x_wconf 88' lang='lat' dir='ltr'>tam</span> <span class='ocrx_word' id='word_1_132' title='bbox 976 1050 1083 1092; x_wconf 83' lang='lat' dir='ltr'>varia</span> <span class='ocrx_word' id='word_1_133' title='bbox 1117 1060 1159 1090; x_wconf 92' lang='lat' dir='ltr'>et</span> <span class='ocrx_word' id='word_1_134' title='bbox 1186 1044 1492 1091; x_wconf 84' lang='lat' dir='ltr'>innumerabilia</span> <span class='ocrx_word' id='word_1_135' title='bbox 1514 1059 1630 1099; x_wconf 90' lang='lat' dir='ltr'>sunt,</span> <span class='ocrx_word' id='word_1_136' title='bbox 1660 1059 1702 1089; x_wconf 92' lang='lat' dir='ltr'>vt</span> 
     </span>
     <span class='ocr_line' id='line_1_16' title="bbox 233 1106 1702 1170; baseline 0.001 -19"><span class='ocrx_word' id='word_1_137' title='bbox 233 1111 366 1152; x_wconf 81' lang='lat' dir='ltr'>amori</span> <span class='ocrx_word' id='word_1_138' title='bbox 393 1112 602 1169; x_wconf 86' lang='lat' dir='ltr'>nunquam</span> <span class='ocrx_word' id='word_1_139' title='bbox 626 1106 744 1168; x_wconf 85' lang='lat' dir='ltr'>plane</span> <span class='ocrx_word' id='word_1_140' title='bbox 775 1109 950 1154; x_wconf 85' lang='lat' dir='ltr'>satisfiat.</span> <span class='ocrx_word' id='word_1_141' title='bbox 1011 1106 1185 1170; x_wconf 82' lang='lat' dir='ltr'>Reliqua</span> <span class='ocrx_word' id='word_1_142' title='bbox 1210 1107 1477 1154; x_wconf 83' lang='lat' dir='ltr'>illustratione</span> <span class='ocrx_word' id='word_1_143' title='bbox 1500 1121 1586 1153; x_wconf 87' lang='lat' dir='ltr'>non</span> <span class='ocrx_word' id='word_1_144' title='bbox 1605 1107 1702 1152; x_wconf 82' lang='lat' dir='ltr'>indi·</span> 
     </span>
    </p>
   </div>
   <div class='ocr_carea' id='block_1_3' title="bbox 231 1184 343 1231">
    <p class='ocr_par' dir='ltr' id='par_1_3' title="bbox 231 1184 343 1231">
     <span class='ocr_line' id='line_1_17' title="bbox 231 1184 343 1231; baseline 0.036 -16"><span class='ocrx_word' id='word_1_145' title='bbox 231 1184 343 1231; x_wconf 82' lang='lat' dir='ltr'>gent.</span> 
     </span>
    </p>
   </div>
   <div class='ocr_carea' id='block_1_4' title="bbox 201 1292 1703 1916">
    <p class='ocr_par' dir='ltr' id='par_1_4' title="bbox 201 1292 1703 1857">
     <span class='ocr_line' id='line_1_18' title="bbox 399 1292 1703 1357; baseline 0.004 -17"><span class='ocrx_word' id='word_1_146' title='bbox 399 1301 488 1340; x_wconf 82' lang='lat' dir='ltr'>Iam</span> <span class='ocrx_word' id='word_1_147' title='bbox 514 1308 556 1340; x_wconf 90' lang='lat' dir='ltr'>vt</span> <span class='ocrx_word' id='word_1_148' title='bbox 579 1298 724 1354; x_wconf 86' lang='lat' dir='ltr'>partim</span> <span class='ocrx_word' id='word_1_149' title='bbox 749 1311 816 1351; x_wconf 82' lang='lat' dir='ltr'>ea,</span> <span class='ocrx_word' id='word_1_150' title='bbox 839 1310 943 1357; x_wconf 87' lang='lat' dir='ltr'>quae</span> <span class='ocrx_word' id='word_1_151' title='bbox 964 1293 1159 1342; x_wconf 59' lang='lat' dir='ltr'>hadienus</span> <span class='ocrx_word' id='word_1_152' title='bbox 1183 1292 1288 1341; x_wconf 69' lang='lat' dir='ltr'>dista</span> <span class='ocrx_word' id='word_1_153' title='bbox 1312 1306 1427 1350; x_wconf 86' lang='lat' dir='ltr'>sunt,</span> <span class='ocrx_word' id='word_1_154' title='bbox 1451 1297 1584 1355; x_wconf 76' lang='lat' dir='ltr'>magis</span> <span class='ocrx_word' id='word_1_155' title='bbox 1606 1311 1703 1345; x_wconf 87' lang='lat' dir='ltr'>con-</span> 
     </span>
     <span class='ocr_line' id='line_1_19' title="bbox 233 1358 1700 1417; baseline 0 -14"><span class='ocrx_word' id='word_1_156' title='bbox 233 1360 467 1413; x_wconf 82' lang='lat' dir='ltr'>firmentur,</span> <span class='ocrx_word' id='word_1_157' title='bbox 498 1362 642 1416; x_wconf 86' lang='lat' dir='ltr'>partim</span> <span class='ocrx_word' id='word_1_158' title='bbox 674 1362 816 1410; x_wconf 89' lang='lat' dir='ltr'>etiam,</span> <span class='ocrx_word' id='word_1_159' title='bbox 849 1372 912 1410; x_wconf 91' lang='lat' dir='ltr'>vt,</span> <span class='ocrx_word' id='word_1_160' title='bbox 942 1373 1067 1417; x_wconf 86' lang='lat' dir='ltr'>quam</span> <span class='ocrx_word' id='word_1_161' title='bbox 1103 1371 1193 1416; x_wconf 85' lang='lat' dir='ltr'>apte</span> <span class='ocrx_word' id='word_1_162' title='bbox 1224 1361 1387 1414; x_wconf 87' lang='lat' dir='ltr'>mythus</span> <span class='ocrx_word' id='word_1_163' title='bbox 1414 1358 1613 1404; x_wconf 64' lang='lat' dir='ltr'>confiditis</span> <span class='ocrx_word' id='word_1_164' title='bbox 1638 1364 1700 1414; x_wconf 88' lang='lat' dir='ltr'>sit,</span> 
     </span>
     <span class='ocr_line' id='line_1_20' title="bbox 234 1420 1701 1480; baseline 0.001 -14"><span class='ocrx_word' id='word_1_165' title='bbox 234 1420 501 1480; x_wconf 81' lang='lat' dir='ltr'>intelligatur3</span> <span class='ocrx_word' id='word_1_166' title='bbox 536 1436 644 1466; x_wconf 89' lang='lat' dir='ltr'>nuuc</span> <span class='ocrx_word' id='word_1_167' title='bbox 679 1420 855 1465; x_wconf 87' lang='lat' dir='ltr'>breuiter</span> <span class='ocrx_word' id='word_1_168' title='bbox 890 1424 1014 1466; x_wconf 83' lang='lat' dir='ltr'>etiam</span> <span class='ocrx_word' id='word_1_169' title='bbox 1038 1420 1089 1465; x_wconf 90' lang='lat' dir='ltr'>de</span> <span class='ocrx_word' id='word_1_170' title='bbox 1113 1424 1229 1466; x_wconf 91' lang='lat' dir='ltr'>omni</span> <span class='ocrx_word' id='word_1_171' title='bbox 1255 1422 1384 1478; x_wconf 88' lang='lat' dir='ltr'>mythi</span> <span class='ocrx_word' id='word_1_172' title='bbox 1404 1423 1556 1466; x_wconf 82' lang='lat' dir='ltr'>consilio</span> <span class='ocrx_word' id='word_1_173' title='bbox 1580 1422 1701 1467; x_wconf 88' lang='lat' dir='ltr'>disse·</span> 
     </span>
     <span class='ocr_line' id='line_1_21' title="bbox 201 1482 1702 1545; baseline -0.001 -15"><span class='ocrx_word' id='word_1_174' title='bbox 201 1526 206 1530; x_wconf 88' lang='lat'>.</span> <span class='ocrx_word' id='word_1_175' title='bbox 233 1500 335 1533; x_wconf 84' lang='lat' dir='ltr'>ram.</span> <span class='ocrx_word' id='word_1_176' title='bbox 399 1488 605 1529; x_wconf 86' lang='lat' dir='ltr'>Nimirum</span> <span class='ocrx_word' id='word_1_177' title='bbox 642 1499 771 1542; x_wconf 90' lang='lat' dir='ltr'>quum</span> <span class='ocrx_word' id='word_1_178' title='bbox 801 1487 985 1528; x_wconf 84' lang='lat' dir='ltr'>Socrates</span> <span class='ocrx_word' id='word_1_179' title='bbox 1015 1482 1297 1538; x_wconf 87' lang='lat' dir='ltr'>intellexisset,</span> <span class='ocrx_word' id='word_1_180' title='bbox 1328 1487 1459 1529; x_wconf 87' lang='lat' dir='ltr'>amori</span> <span class='ocrx_word' id='word_1_181' title='bbox 1491 1485 1530 1528; x_wconf 89' lang='lat' dir='ltr'>h.</span> <span class='ocrx_word' id='word_1_182' title='bbox 1554 1500 1591 1533; x_wconf 65' lang='lat' dir='ltr'>e,</span> <span class='ocrx_word' id='word_1_183' title='bbox 1616 1484 1702 1545; x_wconf 91' lang='lat' dir='ltr'>pul-</span> 
     </span>
     <span class='ocr_line' id='line_1_22' title="bbox 237 1544 1702 1608; baseline 0.001 -18"><span class='ocrx_word' id='word_1_184' title='bbox 237 1549 324 1592; x_wconf 92' lang='lat' dir='ltr'>chri</span> <span class='ocrx_word' id='word_1_185' title='bbox 356 1546 534 1608; x_wconf 87' lang='lat' dir='ltr'>bonique</span> <span class='ocrx_word' id='word_1_186' title='bbox 566 1545 720 1599; x_wconf 86' lang='lat' dir='ltr'>studio,</span> <span class='ocrx_word' id='word_1_187' title='bbox 752 1558 952 1605; x_wconf 90' lang='lat' dir='ltr'>quatenus</span> <span class='ocrx_word' id='word_1_188' title='bbox 970 1546 1029 1594; x_wconf 56' lang='lat' dir='ltr'>‘ei</span> <span class='ocrx_word' id='word_1_189' title='bbox 1044 1545 1229 1591; x_wconf 84' lang='lat' dir='ltr'>nondum</span> <span class='ocrx_word' id='word_1_190' title='bbox 1251 1544 1499 1591; x_wconf 63' lang='lat' dir='ltr'>satisfadium</span> <span class='ocrx_word' id='word_1_191' title='bbox 1519 1558 1602 1602; x_wconf 89' lang='lat' dir='ltr'>est,</span> <span class='ocrx_word' id='word_1_192' title='bbox 1633 1547 1702 1592; x_wconf 86' lang='lat' dir='ltr'>ali-</span> 
     </span>
     <span class='ocr_line' id='line_1_23' title="bbox 235 1608 1701 1672; baseline 0 -17"><span class='ocrx_word' id='word_1_193' title='bbox 235 1609 333 1672; x_wconf 91' lang='lat' dir='ltr'>quid</span> <span class='ocrx_word' id='word_1_194' title='bbox 367 1610 526 1663; x_wconf 86' lang='lat' dir='ltr'>deesse,</span> <span class='ocrx_word' id='word_1_195' title='bbox 560 1622 697 1653; x_wconf 85' lang='lat' dir='ltr'>contra</span> <span class='ocrx_word' id='word_1_196' title='bbox 727 1623 863 1653; x_wconf 85' lang='lat' dir='ltr'>autem</span> <span class='ocrx_word' id='word_1_197' title='bbox 895 1624 1108 1654; x_wconf 88' lang='lat' dir='ltr'>summum</span> <span class='ocrx_word' id='word_1_198' title='bbox 1140 1612 1178 1653; x_wconf 92' lang='lat' dir='ltr'>ei</span> <span class='ocrx_word' id='word_1_199' title='bbox 1209 1610 1419 1653; x_wconf 88' lang='lat' dir='ltr'>feruorem</span> <span class='ocrx_word' id='word_1_200' title='bbox 1448 1613 1491 1654; x_wconf 90' lang='lat' dir='ltr'>in</span> <span class='ocrx_word' id='word_1_201' title='bbox 1511 1608 1701 1656; x_wconf 66' lang='lat' dir='ltr'>sefiando</span> 
     </span>
     <span class='ocr_line' id='line_1_24' title="bbox 235 1669 1702 1732; baseline 0.001 -16"><span class='ocrx_word' id='word_1_202' title='bbox 235 1672 429 1732; x_wconf 84' lang='lat' dir='ltr'>pulchro,</span> <span class='ocrx_word' id='word_1_203' title='bbox 461 1685 514 1724; x_wconf 90' lang='lat' dir='ltr'>et,</span> <span class='ocrx_word' id='word_1_204' title='bbox 551 1686 681 1731; x_wconf 82' lang='lat' dir='ltr'>quum</span> <span class='ocrx_word' id='word_1_205' title='bbox 711 1673 794 1715; x_wconf 87' lang='lat' dir='ltr'>hoe</span> <span class='ocrx_word' id='word_1_206' title='bbox 828 1675 1023 1728; x_wconf 83' lang='lat' dir='ltr'>contigit,</span> <span class='ocrx_word' id='word_1_207' title='bbox 1052 1669 1264 1716; x_wconf 88' lang='lat' dir='ltr'>laetiorem</span> <span class='ocrx_word' id='word_1_208' title='bbox 1297 1686 1385 1715; x_wconf 89' lang='lat' dir='ltr'>esse</span> <span class='ocrx_word' id='word_1_209' title='bbox 1405 1672 1702 1717; x_wconf 80' lang='lat' dir='ltr'>conditionem:</span> 
     </span>
     <span class='ocr_line' id='line_1_25' title="bbox 234 1732 1701 1792; baseline 0 -12"><span class='ocrx_word' id='word_1_210' title='bbox 234 1739 338 1780; x_wconf 87' lang='lat' dir='ltr'>hanc</span> <span class='ocrx_word' id='word_1_211' title='bbox 367 1738 517 1779; x_wconf 83' lang='lat' dir='ltr'>amoris</span> <span class='ocrx_word' id='word_1_212' title='bbox 550 1747 732 1778; x_wconf 85' lang='lat' dir='ltr'>naturam</span> <span class='ocrx_word' id='word_1_213' title='bbox 763 1734 873 1778; x_wconf 84' lang='lat' dir='ltr'>haud</span> <span class='ocrx_word' id='word_1_214' title='bbox 898 1734 1020 1778; x_wconf 89' lang='lat' dir='ltr'>dubie</span> <span class='ocrx_word' id='word_1_215' title='bbox 1040 1732 1112 1778; x_wconf 91' lang='lat' dir='ltr'>illo</span> <span class='ocrx_word' id='word_1_216' title='bbox 1134 1735 1278 1791; x_wconf 87' lang='lat' dir='ltr'>mytho</span> <span class='ocrx_word' id='word_1_217' title='bbox 1301 1737 1533 1792; x_wconf 89' lang='lat' dir='ltr'>exprimere</span> <span class='ocrx_word' id='word_1_218' title='bbox 1556 1735 1701 1786; x_wconf 78' lang='lat' dir='ltr'>voluit,</span> 
     </span>
     <span class='ocr_line' id='line_1_26' title="bbox 235 1794 1702 1857; baseline 0 -15"><span class='ocrx_word' id='word_1_219' title='bbox 235 1802 331 1843; x_wconf 84' lang='lat' dir='ltr'>Hoc</span> <span class='ocrx_word' id='word_1_220' title='bbox 360 1800 511 1857; x_wconf 71' lang='lat' dir='ltr'>partim,</span> <span class='ocrx_word' id='word_1_221' title='bbox 531 1811 583 1840; x_wconf 87' lang='lat' dir='ltr'>ex</span> <span class='ocrx_word' id='word_1_222' title='bbox 613 1800 697 1855; x_wconf 86' lang='lat' dir='ltr'>ipsa</span> <span class='ocrx_word' id='word_1_223' title='bbox 729 1798 859 1854; x_wconf 85' lang='lat' dir='ltr'>mythi</span> <span class='ocrx_word' id='word_1_224' title='bbox 883 1794 1193 1843; x_wconf 85' lang='lat' dir='ltr'>illustratione-a</span> <span class='ocrx_word' id='word_1_225' title='bbox 1216 1800 1380 1841; x_wconf 82' lang='lat' dir='ltr'>Socrate</span> <span class='ocrx_word' id='word_1_226' title='bbox 1403 1797 1557 1842; x_wconf 69' lang='lat' dir='ltr'>adiedia</span> <span class='ocrx_word' id='word_1_227' title='bbox 1579 1811 1702 1856; x_wconf 88' lang='lat' dir='ltr'>patet,</span> 
     </span>
    </p>

    <p class='ocr_par' dir='ltr' id='par_1_5' title="bbox 297 1862 1639 1916">
     <span class='ocr_line' id='line_1_27' title="bbox 297 1862 1639 1916; baseline 0.001 -30"><span class='ocrx_word' id='word_1_228' title='bbox 297 1869 299 1871; x_wconf 76' lang='grc'>’</span> <span class='ocrx_word' id='word_1_229' title='bbox 562 1878 569 1886; x_wconf 76' lang='lat'><strong>.</strong></span> <span class='ocrx_word' id='word_1_230' title='bbox 830 1862 853 1887; x_wconf 82' lang='lat'><strong>*</strong></span> <span class='ocrx_word' id='word_1_231' title='bbox 875 1862 897 1887; x_wconf 64' lang='lat' dir='ltr'>&gt;k</span> <span class='ocrx_word' id='word_1_232' title='bbox 917 1871 941 1903; x_wconf 80' lang='lat'>2</span> <span class='ocrx_word' id='word_1_233' title='bbox 1548 1874 1639 1916; x_wconf 70' lang='lat' dir='ltr'>par,</span> 
     </span>
    </p>
   </div>
   <div class='ocr_carea' id='block_1_5' title="bbox 289 1982 1705 2190">
    <p class='ocr_par' dir='ltr' id='par_1_6' title="bbox 289 1982 1705 2190">
     <span class='ocr_line' id='line_1_28' title="bbox 289 1982 1700 2030; baseline -0.001 -12"><span class='ocrx_word' id='word_1_234' title='bbox 289 1984 337 2018; x_wconf 76' lang='grc'>16.</span> <span class='ocrx_word' id='word_1_235' title='bbox 361 1984 399 2015; x_wconf 91' lang='lat' dir='ltr'>V.</span> <span class='ocrx_word' id='word_1_236' title='bbox 426 1995 453 2017; x_wconf 88' lang='lat' dir='ltr'>c.</span> <span class='ocrx_word' id='word_1_237' title='bbox 479 1993 496 2014; x_wconf 85' lang='lat' dir='ltr'>a</span> <span class='ocrx_word' id='word_1_238' title='bbox 520 1982 756 2027; x_wconf 81' lang='lat' dir='ltr'>pulchritudine</span> <span class='ocrx_word' id='word_1_239' title='bbox 789 1984 882 2016; x_wconf 80' lang='lat' dir='ltr'>vnius</span> <span class='ocrx_word' id='word_1_240' title='bbox 912 1983 1049 2028; x_wconf 81' lang='lat' dir='ltr'>corporis</span> <span class='ocrx_word' id='word_1_241' title='bbox 1074 1982 1114 2015; x_wconf 82' lang='lat' dir='ltr'>ad</span> <span class='ocrx_word' id='word_1_242' title='bbox 1136 1991 1331 2030; x_wconf 78' lang='lat' dir='ltr'>venustatem</span> <span class='ocrx_word' id='word_1_243' title='bbox 1360 1983 1496 2016; x_wconf 73' lang='lat' dir='ltr'>aliorum</span> <span class='ocrx_word' id='word_1_244' title='bbox 1520 1993 1700 2028; x_wconf 82' lang='lat' dir='ltr'>corporum,</span> 
     </span>
     <span class='ocr_line' id='line_1_29' title="bbox 347 2036 1701 2081; baseline 0.002 -12"><span class='ocrx_word' id='word_1_245' title='bbox 347 2049 365 2069; x_wconf 82' lang='lat' dir='ltr'>a</span> <span class='ocrx_word' id='word_1_246' title='bbox 389 2036 528 2081; x_wconf 79' lang='lat' dir='ltr'>pulchris</span> <span class='ocrx_word' id='word_1_247' title='bbox 559 2038 744 2081; x_wconf 84' lang='lat' dir='ltr'>corporibus</span> <span class='ocrx_word' id='word_1_248' title='bbox 779 2038 912 2071; x_wconf 87' lang='lat' dir='ltr'>omnino</span> <span class='ocrx_word' id='word_1_249' title='bbox 937 2037 977 2070; x_wconf 79' lang='lat' dir='ltr'>ad</span> <span class='ocrx_word' id='word_1_250' title='bbox 999 2037 1146 2080; x_wconf 82' lang='lat' dir='ltr'>pulchros</span> <span class='ocrx_word' id='word_1_251' title='bbox 1166 2036 1337 2081; x_wconf 85' lang='lat' dir='ltr'>bonosque</span> <span class='ocrx_word' id='word_1_252' title='bbox 1360 2039 1503 2079; x_wconf 75' lang='lat' dir='ltr'>animos,</span> <span class='ocrx_word' id='word_1_253' title='bbox 1534 2038 1572 2071; x_wconf 77' lang='lat' dir='ltr'>ab</span> <span class='ocrx_word' id='word_1_254' title='bbox 1591 2038 1637 2072; x_wconf 85' lang='lat' dir='ltr'>his</span> <span class='ocrx_word' id='word_1_255' title='bbox 1661 2039 1701 2072; x_wconf 72' lang='lat' dir='ltr'>ad</span> 
     </span>
     <span class='ocr_line' id='line_1_30' title="bbox 348 2090 1705 2138; baseline 0.002 -15"><span class='ocrx_word' id='word_1_256' title='bbox 348 2090 476 2134; x_wconf 74' lang='lat' dir='ltr'>pulchra</span> <span class='ocrx_word' id='word_1_257' title='bbox 507 2091 652 2138; x_wconf 75' lang='lat' dir='ltr'>instituta</span> <span class='ocrx_word' id='word_1_258' title='bbox 685 2101 716 2125; x_wconf 87' lang='lat' dir='ltr'>et</span> <span class='ocrx_word' id='word_1_259' title='bbox 745 2093 855 2135; x_wconf 80' lang='lat' dir='ltr'>leges,</span> <span class='ocrx_word' id='word_1_260' title='bbox 888 2093 963 2126; x_wconf 83' lang='lat' dir='ltr'>inde</span> <span class='ocrx_word' id='word_1_261' title='bbox 986 2092 1027 2125; x_wconf 74' lang='lat' dir='ltr'>ad</span> <span class='ocrx_word' id='word_1_262' title='bbox 1049 2094 1172 2130; x_wconf 81' lang='lat' dir='ltr'>literas,</span> <span class='ocrx_word' id='word_1_263' title='bbox 1194 2091 1331 2136; x_wconf 83' lang='lat' dir='ltr'>denique</span> <span class='ocrx_word' id='word_1_264' title='bbox 1353 2092 1395 2129; x_wconf 81' lang='lat' dir='ltr'>ad</span> <span class='ocrx_word' id='word_1_265' title='bbox 1414 2094 1634 2138; x_wconf 81' lang='lat' dir='ltr'>cognitionem</span> <span class='ocrx_word' id='word_1_266' title='bbox 1658 2095 1705 2138; x_wconf 85' lang='lat' dir='ltr'>ip-</span> 
     </span>
     <span class='ocr_line' id='line_1_31' title="bbox 350 2144 1303 2190; baseline 0.003 -12"><span class='ocrx_word' id='word_1_267' title='bbox 350 2146 415 2178; x_wconf 82' lang='lat' dir='ltr'>sius</span> <span class='ocrx_word' id='word_1_268' title='bbox 439 2155 527 2179; x_wconf 82' lang='lat' dir='ltr'>verae</span> <span class='ocrx_word' id='word_1_269' title='bbox 552 2144 808 2189; x_wconf 76' lang='lat' dir='ltr'>pulchritudinis.</span> <span class='ocrx_word' id='word_1_270' title='bbox 832 2157 859 2180; x_wconf 91' lang='lat' dir='ltr'>v.</span> <span class='ocrx_word' id='word_1_271' title='bbox 887 2157 914 2184; x_wconf 83' lang='lat' dir='ltr'>e.</span> <span class='ocrx_word' id='word_1_272' title='bbox 940 2149 989 2187; x_wconf 82' lang='lat'>28,</span> <span class='ocrx_word' id='word_1_273' title='bbox 1015 2155 1045 2180; x_wconf 86' lang='lat'>2.</span> <span class='ocrx_word' id='word_1_274' title='bbox 1068 2145 1106 2184; x_wconf 82' lang='lat' dir='ltr'>ss.</span> <span class='ocrx_word' id='word_1_275' title='bbox 1131 2145 1169 2181; x_wconf 83' lang='lat' dir='ltr'>cf.</span> <span class='ocrx_word' id='word_1_276' title='bbox 1198 2155 1247 2190; x_wconf 80' lang='lat'>29,</span> <span class='ocrx_word' id='word_1_277' title='bbox 1271 2157 1303 2190; x_wconf 74' lang='lat'>4.</span> 
     </span>
    </p>
   </div>
  </div>
 </body>
</html>
