1943 2400
1587 129 1619 178 i

222 240 275 281 Vt
298 249 440 293 porro,
475 249 623 295 quum,
656 233 766 295 quod
789 238 1012 294 acquisiuit,
1053 248 1136 277 non
1168 235 1355 285 retineat,
1396 246 1528 291 neque
1558 229 1676 287 plane

222 312 374 355 egenus
398 311 476 351 est,
511 313 642 357 neque
668 302 788 342 etiam
817 298 965 355 opibus
990 299 1136 350 affluit,
1175 299 1227 339 ita
1260 299 1380 339 etiam
1415 308 1546 352 neque
1577 294 1676 349 sapi-

222 374 312 412 ens,
337 361 484 419 'neque
511 364 712 416 ‘insipiens
753 360 869 416 plane
908 373 983 413 est,
1016 373 1136 418 atque
1173 358 1275 402 adeo
1316 359 1583 413 hanc,ipsan1
1620 353 1676 399 ob

221 435 404 471 caussam
439 424 655 479 sapiendae
680 435 847 479 operam
865 421 948 471 dat.

381 562 594 619 Postquam
625 557 806 603 Socrates
835 562 875 602 in
906 557 1230 603 antecedentibus
1253 558 1513 613 Agathonem
1544 570 1596 599 eo
1617 569 1678 598 re-

220 620 403 676 degerat,
443 634 484 663 vt
514 621 726 673 fateretur,
764 626 961 665 Amorem
991 625 1134 679 partim
1175 621 1221 662 ad
1257 617 1406 678 aliquid
1435 619 1591 670 referri,
1634 629 1675 659 et

219 686 456 726 nominatim
487 682 702 740 pulchrum
733 698 779 726 ac
801 682 958 727 bonum
992 687 1152 735 sectari,
1186 685 1326 738 partim
1351 696 1421 733 eo,
1455 679 1566 739 quod
1591 678 1676 736 pul-

217 740 365 787 chrum
383 758 423 788 et
443 744 601 787 bonum
625 756 707 797 est,
740 745 977 793 destitutum
999 759 1084 788 esse
1108 758 1150 804 4.
1170 762 1179 786 :
1206 748 1338 795 etiam,
1356 741 1524 796 *austore
1547 743 1677 785 Dioti·

215 820 293 859 ma,
311 805 741 860 mulierevaticinante,
759 807 912 860 docuit,
927 812 1124 851 Amorem
1141 821 1229 849 csse
1242 802 1344 849 inter
1360 805 1458 848 deos
1475 806 1677 848 homines-

216 882 297 926 que
313 868 508 919 mefflum,
525 881 645 925 atque
664 869 764 913 adeo
783 868 1050 913 daemonibus
1067 868 1414 913 annumerandum
1431 880 1473 923 5.
1538 864 1674 923 Qod

214 928 382 988 quidem
414 941 457 973 vt
486 927 728 972 luculentius
762 926 989 987 appareret,
1021 942 1061 973 et
1091 933 1262 974 omnino
1291 941 1430 971 natura
1462 931 1550 971 eius
1570 930 1676 970 inter

214 990 433 1048 perfec‘iam
449 1003 490 1035 et
504 988 786 1048 imperfedlam
803 992 934 1036 media
954 996 1084 1049 magis
1100 991 1406 1048 intelligeretur:
1421 992 1532 1034 hunc
1547 991 1597 1035 de
1613 1003 1676 1033 na-

215 1052 361 1097 talibus
374 1056 537 1114 Amoris
551 1054 738 1109 mythum
755 1053 942 1114 subsequi
958 1058 1084 1102 iussit.
1117 1055 1339 1098 Videamus
1356 1069 1461 1097 nunc
1475 1052 1526 1096 de
1541 1057 1676 1108 singu-

213 1114 262 1159 lis
286 1116 417 1172 mythi
441 1114 660 1175 particulis:
684 1116 755 1161 sed
775 1120 1014 1177 priusquam
1035 1132 1170 1162 meam
1205 1119 1330 1176 ipsius
1358 1119 1594 1161 sententiam
1623 1112 1674 1157 de

214 1180 265 1220 iis
289 1190 536 1235 proponam,
560 1191 820 1236 quaeramus,
846 1179 942 1237 quid
968 1180 1019 1222 de
1035 1179 1275 1234 Sydenhami
1291 1192 1333 1221 et
1354 1182 1486 1223 Mosis
1507 1176 1675 1224 Mende-

215 1237 671 1298 lidaeexplicationibus
696 1239 954 1284 statuendum
978 1242 1029 1284 sit
1057 1242 1100 1285 6.
1147 1243 1196 1285 Et
1212 1239 1487 1296 Sydenhamus
1502 1237 1672 1298 quidem

215 1301 400 1359 putabat,
434 1300 669 1351 Platonem,
693 1301 909 1357 ¹Orphicos
941 1300 1161 1358 theologos
1191 1312 1431 1359 sequutum,
1459 1314 1531 1357 per
1556 1301 1674 1344 Meti·

214 1363 309 1407 dem
337 1359 580 1406 intellexisse
613 1363 795 1405 Mentem
818 1364 1032 1415 Diuinam,
1065 1378 1169 1421 qnae
1194 1362 1244 1406 ab
1270 1373 1433 1406 aeterno
1456 1362 1566 1406 ideas
1587 1377 1674 1407 om-

213 1428 328 1469 nium
357 1438 495 1468 rerum
523 1432 763 1468 creatarum*
778 1427 1011 1481 conceperit
1019 1439 1032 1476 ,-
1064 1433 1137 1482 pe‘r
1158 1427 1309 1476 Porum
1330 1436 1464 1468 autem
1491 1423 1600 1468 ideas
1628 1422 1673 1467 il·

214 1485 273 1531 las
299 1489 424 1545 ipsas,
454 1484 766 1542 plenitudinem,
796 1484 1039 1539 vbertatem‚
1070 1486 1371 1538 abundantian13
1401 1498 1442 1529 et
1471 1500 1543 1543 per
1562 1489 1674 1531 Peni-

213 1563 265 1593 an
297 1560 501 1593 aeternam
521 1549 738 1592 ,materiam
767 1561 839 1605 per
867 1559 912 1591 se
942 1550 1076 1593 omnis
1107 1549 1263 1593 formae
1294 1560 1503 1607 expertem
1531 1551 1670 1605 igitur·

214 1624 294 1670 que
330 1609 492 1653 exilem.
569 1609 729 1654 Deinde
756 1610 867 1654 idem
900 1613 961 1655 vir
987 1609 1132 1656 dodius
1162 1610 1369 1665 censebat,
1399 1625 1471 1669 per
1499 1613 1668 1655 Veneris

214 1674 323 1717 diem
355 1670 525 1715 natalem
554 1670 655 1715 illud
685 1683 848 1729 tempus
879 1672 1100 1731 designari,
1140 1688 1225 1732 quo
1255 1685 1396 1717 natura
1428 1688 1565 1717 rerum
1595 1676 1670 1730 pri-

214 1749 331 1782 mum
363 1731 523 1779 redaCia
550 1736 604 1780 sit
633 1736 677 1778 in
699 1733 907 1788 ordinem,
940 1748 980 1781 et
1001 1734 1263 1797 pulchritudo
1285 1735 1507 1781 secundum
1532 1733 1668 1793 vulga-

858 1828 881 1853 *
915 1810 938 1859 3
1471 1821 1476 1825 ⁴
1500 1811 1602 1854 rem,

258 1940 291 1971 4.
314 1927 386 1966 vid.
408 1929 519 1975 Symp.
544 1939 571 1963 c.
594 1938 650 1969 ιι,
673 1938 706 1974 4.
729 1927 766 1965 st.

260 2043 289 2080 ς.
312 2032 386 2068 vid.
406 2032 484 2067 ibid.
509 2045 539 2069 c.
559 2043 610 2074 22,
637 2034 669 2071 ⁶.
691 2032 729 2068 ss.

256 2143 288 2181 6.
307 2137 381 2175 vid.
396 2146 480 2174 nota
501 2135 613 2174 Wolffi
633 2138 724 2174 ade.
748 2148 799 2180 23,
823 2147 856 2180 ς.
