1943 2400
1571 133 1623 176 ¹5

233 237 343 297 quod
366 240 488 281 etiam
511 237 673 293 mythus
696 245 936 293 argumento
956 235 1136 297 reliquae
1161 232 1332 281 Socratis
1350 237 1546 280 orationis
1568 250 1692 296 quam

233 303 412 344 maxime
444 301 655 352 conuenit,
694 298 796 343 adeo
833 310 877 343 vt
906 302 972 343 vix
996 302 1134 357 negari
1158 300 1307 358 possit,
1339 296 1547 342 Platonem
1571 297 1692 343 illum

231 363 420 418 mythum
454 360 509 406 ob
540 359 737 421 reliquam
764 365 874 406 Socr.
907 365 1135 406 orationem
1164 361 1423 409 confinxisse,
1485 364 1534 404 Et
1557 364 1691 406 omni-

230 439 286 469 no
317 439 402 468 non
434 423 575 477 video,
604 439 676 468 cur
707 424 897 482 pleraque
928 427 971 468 in
1004 428 1161 483 scriptis
1186 423 1360 467 Platonis
1385 426 1555 468 Socratis
1579 428 1690 480 inge·

229 490 323 539 nio,
353 498 396 530 vt
427 501 449 529 a
480 484 620 531 multis
650 487 715 540 fit,
749 500 882 546 neque
911 489 987 544 ipsi
1019 486 1172 531 Platoni
1204 485 1414 529 tribuenda
1447 488 1535 534 sint.
1598 485 1687 530 Alia

228 563 292 593 res
322 561 382 591 est
402 551 453 591 in
482 551 531 591 iis
560 547 690 601 libris,
722 547 870 607 quibus
901 547 1003 591 nihil
1035 548 1140 591 aliud
1173 551 1432 605 propositum
1454 560 1535 601 est,
1563 563 1686 607 quam

227 610 395 662 docere,
425 608 522 669 quid
552 612 731 654 Socrates
759 612 955 663 statuerit,
988 610 1201 669 quomodo
1224 607 1437 667 discipulos
1461 612 1687 664 instituerit,

226 670 439 732 quomodo
462 685 534 729 qos
558 671 606 715 ad
627 675 820 716 virtutem
840 672 1061 716 adduxerit.
1126 672 1203 715 Vbi
1225 673 1306 716 hoc
1326 670 1540 717 consilium
1565 672 1685 716 diser-

224 747 265 779 te
287 733 499 789 indicatus,
532 733 587 778 ibi
610 734 716 779 haud
739 733 861 779 dubie
887 750 955 789 ea,
987 749 1091 794 quae
1114 736 1393 793 proferuntur,
1433 737 1604 778 Socratis
1626 749 1684 779 es-

223 812 268 843 se
298 797 471 856 putanda
501 810 604 842 sunt.
680 801 776 843 Hoc
807 810 945 842 autem
974 801 1017 842 in
1053 796 1210 851 libello,
1242 796 1310 841 vbi
1341 796 1453 841 Plato
1478 796 1585 842 haud
1609 798 1683 842 du·

219 859 286 904 bie
315 874 429 904 suam
461 862 588 917 ipsius
625 863 862 904 sententiam
895 863 1048 906 Socrati
1080 860 1239 916 tribuit,
1271 863 1393 905 ctiam
1423 860 1585 916 mythus
1610 863 1682 905 So·

219 924 317 968 crati
347 919 470 967 tribui
498 936 581 967 non
612 924 778 980 poterit.

379 1045 599 1105 Reliquum
631 1057 712 1100 est,
746 1058 789 1091 vt
818 1046 1032 1102 omnibus,
1064 1051 1135 1107 qui
1171 1048 1405 1107 disciplinae
1426 1060 1467 1093 et
1490 1052 1680 1094 institutis

218 1120 376 1155 nostrae
407 1108 569 1153 scholae
601 1110 759 1164 fauent,
790 1108 967 1156 breuiter
996 1110 1295 1169 significemus,
1328 1125 1451 1172 quam
1483 1110 1539 1156 ob
1571 1126 1679 1158 caus-

219 1187 307 1217 sam
338 1174 405 1216 hic
436 1170 596 1217 libellus
629 1175 865 1230 propositus
898 1176 962 1218 sit.
1025 1176 1233 1217 Nimirum
1266 1189 1394 1234 quum
1419 1173 1588 1231 singulis
1612 1189 1679 1218 an-

216 1237 279 1279 nis
327 1232 535 1293 audiumni
579 1246 788 1291 tempore,
829 1234 1028 1292 quantum
1045 1234 1048 1237 ’
1066 1233 1250 1291 discipuli
1287 1239 1416 1279 nostri
1454 1239 1496 1279 in
1536 1236 1676 1281 studiis

215 1298 421 1341 bonarum
476 1294 700 1339 litterarum
750 1297 1010 1353 profecerint,
1067 1294 1228 1353 publice
1275 1297 1572 1343 ostendendum
1610 1302 1677 1342 sit:

214 1364 318 1413 Vos,
355 1360 516 1401 Patroni
556 1368 601 1400 et
635 1360 844 1409 Fautores,
883 1360 1086 1401 maiorem
1103 1361 1106 1367 '
1123 1361 1166 1401 in
1203 1359 1376 1402 modum
1412 1374 1523 1416 ⁴rogo
1554 1373 1676 1420 atque

214 1436 312 1474 oro,
356 1418 484 1464 velitis
521 1421 712 1463 Vestram
752 1422 796 1463 in
836 1433 913 1463 nos
952 1417 1127 1476 collegas
1167 1419 1471 1481 discipulosque
1511 1435 1675 1468 nostros

166 1511 169 1513 -
211 1488 267 1530 ita
297 1481 493 1527 declarare
523 1480 871 1536 beneuolentiam,
909 1493 952 1525 vt
983 1495 1024 1526 et
1054 1484 1285 1540 trequentes
1317 1496 1359 1527 et
1397 1483 1580 1531 lubentes
1608 1500 1676 1530 ex-

212 1548 336 1590 amini
373 1547 570 1589 intersitis.
634 1546 779 1608 Qum
821 1548 907 1588 Vos
944 1546 1021 1602 ipsi
1061 1543 1175 1589 facile
1205 1544 1454 1603 intelligatis,
1487 1550 1672 1592 Vestram

209 1610 477 1667 frequentiam
508 1605 559 1649 ad
589 1606 824 1649 excitandos
854 1606 1163 1665 incitandosque
1191 1607 1481 1665 discipulorum
1511 1613 1669 1655 animos

212 1684 338 1730 quam
377 1667 600 1727 plurimum
639 1665 875 1711 collatur-am
908 1682 996 1711 esse
1004 1685 1020 1720 ;
1056 1682 1138 1712 non
1170 1665 1268 1712 tam
1285 1684 1513 1728 speramus,
1544 1687 1668 1733 quam

170 1759 172 1761 ·
210 1730 471 1786 confidimus,
509 1735 594 1775 Vos
626 1728 811 1788 precibus
843 1733 989 1774 nostris
1021 1732 1323 1776 humanissimis
1355 1736 1409 1777 ita
1438 1731 1579 1778 locum
1610 1750 1669 1780 es·

212 1811 257 1840 se
288 1795 473 1847 daturos,
511 1805 555 1837 vt
594 1791 712 1837 nobis
751 1805 792 1836 et
830 1792 999 1851 collegis
1040 1807 1080 1838 et
1115 1794 1320 1854 discipulis
1358 1797 1560 1842 vberrima
1589 1796 1666 1843 lae·

175 1904 178 1907 ,
209 1857 316 1904 tandi
346 1859 511 1903 materia
542 1855 829 1914 suppeditetur.

461 1983 611 2042 Scripsi
642 1978 836 2027 Gubenae
866 1994 1006 2026 mense
1037 1980 1213 2027 Octobri
1244 1985 1280 2027 C
1290 1986 1307 2027 1
1318 1986 1424 2033 011)
1435 1985 1470 2029 C
1479 1986 1515 2029 C
1525 1986 1561 2030 C
1570 1988 1587 2031 1
1596 1974 1665 2047 1'12
