1943 2400
310 132 376 183 14

247 240 313 294 se}
343 240 485 300 sicque
516 252 569 283 eo
596 241 728 296 magis
754 241 943 283 omnium
968 236 1312 297 exspeflationem
1337 242 1587 284 excitauisset
1612 252 1710 290 20.;

248 303 379 364 quum
411 317 536 360 porro
568 303 650 345 hoc
682 300 757 344 sibi
790 314 988 355 sumeret,
1020 315 1062 346 vt
1094 304 1496 360 totamlAgathoniQ
1527 305 1708 347 conuiuii

249 364 445 420 auctoris,
486 369 716 410 orationem
755 379 898 407 vanam
938 378 1028 408 esse
1065 365 1292 410 ostenderet
1326 378 1427 415 21.:
1468 364 1710 424 sperandum

248 444 360 474 nunc
382 441 485 482 erat,
519 426 614 471 talia
639 426 688 470 ab
713 441 765 471 eo
788 426 991 485 prolatum
1015 431 1082 482 iri,
1111 442 1215 487 quae
1239 431 1382 487 partim
1406 432 1604 481 nouitate,
1627 442 1712 486 par-

248 495 327 535 tim
374 490 670 535 commoditate
718 501 759 532 et
805 493 1004 545 grauitate
1051 490 1447 538 commendarentur.
1532 490 1713 544 Accedit,

249 553 385 614 quod,
418 568 524 611 quae
558 556 739 595 Socrates
775 553 946 608 profert,
980 567 1067 596 non
1101 566 1182 596 tam
1210 556 1307 610 ipsi,
1339 568 1463 611 quam
1491 556 1709 604 Diotimae,

250 618 566 673 sapientissimae
595 616 815 667 foeminae,
848 617 913 672 cui
940 629 1036 659 cum
1060 617 1153 672 ipsis
1174 615 1249 658 diis
1272 614 1525 659 necessitudo
1551 615 1713 658 interce-

249 678 385 729 deret,
417 688 491 723 22.
523 675 767 720 tribuuntur.
830 679 1004 721 Necesse
1034 680 1160 734 igitur
1190 691 1243 720 eo
1273 679 1404 732 magis
1427 688 1530 730 erat,
1564 689 1605 720 vt
1629 675 1714 719 Pla-

249 752 299 785 to
332 743 541 783 Socratem
562 752 628 781 res
653 751 693 781 et
712 741 971 796 grauissimas
997 751 1036 783 et
1059 737 1217 783 aliunde
1240 738 1424 783 nondum
1446 739 1629 796 cognitas
1657 741 1716 783 iu-

251 802 368 848 beret
399 801 552 862 eloqui.
615 804 695 846 His
723 805 848 859 igitur
877 801 1099 848 rationibus
1129 799 1278 847 dustus
1303 800 1496 856 arbitror,
1527 803 1716 859 mythum

249 869 362 911 hunc
395 868 546 909 Socrati
568 868 643 921 ipsi
669 879 751 909 non
775 878 894 922 posse
918 864 1054 912 tribui.
1119 866 1298 909 Cuinam
1319 876 1457 909 autem
1478 863 1718 909 tribuendus

250 930 354 973 erit?
398 927 521 972 Haud
549 926 671 971 dubie
692 930 767 984 ipsi
791 926 972 980 Platoni,
1003 929 1069 972 cui
1094 941 1171 985 pro
1195 930 1381 984 poetico,
1411 940 1497 987 quo
1524 925 1716 984 pollebat,

251 993 422 1048 ingenio
444 988 668 1034 rectissime
692 1000 825 1047 potest
850 989 1033 1034 adscribi.
1082 988 1159 1033 Sed
1185 989 1327 1034 dixerit
1347 989 1566 1050 quispiam:
1590 993 1717 1042 „Sunt

248 1066 392 1099 tamen
422 1056 562 1097 omnia
595 1056 636 1096 in
667 1053 749 1096 hoe
772 1053 916 1109 mytho
937 1056 990 1096 ita
1012 1064 1262 1109 comparata,
1293 1064 1335 1096 vt
1359 1054 1533 1095 Socratis
1564 1054 1719 1107 ingeni·

248 1131 328 1161 um
349 1117 554 1173 aptissime
575 1116 765 1168 referant,
795 1117 915 1174 eique
937 1117 1014 1172 ipsi
1038 1113 1150 1168 red'te
1174 1113 1298 1161 tribui
1323 1116 1522 1172 possint.“
1568 1112 1719 1158 Audio.

249 1182 307 1224 At
344 1190 481 1221 nonne
509 1175 625 1221 Plato
658 1180 746 1235 ipse
773 1180 987 1233 ingenium
1018 1179 1211 1229 Socratis,
1242 1176 1355 1236 quod
1382 1191 1405 1220 a
1432 1177 1573 1221 multis
1602 1178 1718 1220 annis

251 1243 469 1297 cognitum
506 1237 702 1290 habebat,
738 1236 840 1290 tale,
877 1237 995 1296 quale
1027 1250 1132 1290 erat,
1170 1238 1364 1282 exhibere
1395 1238 1559 1295 potuit?
1605 1240 1719 1282 Num

253 1300 520 1360 negabimus,
558 1302 597 1342 ei
628 1300 732 1343 hane
766 1297 999 1342 facultatem
1030 1300 1174 1354 fuisse,
1211 1313 1341 1359 quum
1372 1299 1606 1353 videamuS,
1645 1298 1721 1344 alia

185 1405 188 1412 ,
252 1369 296 1409 in
335 1365 555 1421 Symposio
596 1363 778 1418 ingenia,
826 1363 1068 1405 nominatim
1106 1363 1380 1417 Eryximachi,
1425 1362 1723 1419 Aristophanis,

253 1428 505 1484 AgathoniS,
543 1423 595 1467 de
633 1422 799 1483 quibuS‚
838 1421 1003 1467 aliunde
1044 1426 1240 1481 cognitis,
1277 1424 1455 1469 iudicare
1493 1437 1725 1481 possumus,

254 1503 418 1535 summa
449 1501 548 1532 cum
570 1498 663 1546 ‚arte
689 1497 731 1529 et
754 1487 963 1530 verissime
977 1485 1275 1546 ‘essebexhibita
1299 1498 1373 1544 23.
1433 1488 1533 1531 Huc
1557 1487 1724 1540 accedit,

1543 1548 1660 1608 qubd

304 1678 353 1703 20.
376 1666 450 1702 Vid.
472 1665 587 1710 Symp.'
607 1674 637 1710 5,
661 1674 693 1709 7.
716 1665 751 1697 in
773 1662 885 1709 primis
911 1671 1018 1696 autem
1042 1673 1097 1702 ιο,
1124 1673 1152 1696 1.
1175 1662 1214 1701 se.

304 1769 359 1795 21.
382 1759 459 1803 C⁹P⁴
483 1767 534 1789 21.

304 1859 353 1883 2³.
375 1849 427 1881 De
456 1846 603 1879 Diotiina
642 1845 692 1877 Fr.
717 1844 871 1888 Schlcgel.
906 1834 1101 1888 peculiarem
1132 1842 1256 1887 scripsit
1287 1843 1609 1882 commentationem,
1642 1848 1723 1888 quae

366 1902 510 1948 primum
541 1900 658 1933 inserta
690 1908 738 1932 est
768 1898 901 1931 Biesteri
933 1898 988 1931 lib.
1019 1906 1183 1932 menstruo
1216 1897 1353 1930 Berolin.
1383 1899 1498 1931 Fascic.
1529 1907 1548 1938 7
1579 1907 1611 1932 et
1643 1903 1672 1938 8.
1695 1910 1726 1934 α.

373 1965 481 2002 ι79ς.,
502 1953 619 1988 deinde
633 1954 774 1997 *repetita
797 1954 832 1986 in
856 1951 999 1986 eiusdem
1023 1952 1163 1996 Schegel.
1184 1952 1287 1985 libro:
1313 1953 1372 1986 Die
1396 1952 1551 1986 Gricchen
1574 1953 1642 1987 und
1665 1955 1725 1986 Rii-

374 2021 452 2043 mer.
478 2007 674 2043 Historische
700 2007 767 2041 und
796 2006 948 2040 kritische
971 2006 1134 2040 Vei-suche
1164 2005 1243 2039 iiber
1266 2005 1318 2040 das
1341 2006 1511 2042 &lassische
1534 2008 1723 2043 Altenhum.

371 2066 454 2098 En'st.
478 2052 577 2097 nand.
623 2062 823 2096 Neustrefitz
851 2071 945 2105 1797.

305 2164 365 2204 ³3.
387 2152 487 2190 conf·
508 2153 652 2192 Ptolusio
675 2162 747 2191 mea
767 2129 810 2190 ‘de
832 2150 953 2198 Mytho
976 2150 1196 2200 Aristophanis
1216 2152 1253 2190 in
1271 2153 1382 2199 Symp.
1397 2154 1453 2200 21’1.
1473 2165 1502 2197 p.
1522 2161 1554 2192 ε.
1571 2161 1636 2187 not.
1656 2162 1704 2198 ¹7·
