1943 2400
286 191 317 238 4

226 297 274 341 de
303 313 415 339 sensu
441 301 672 355 grauiorum
701 301 781 341 eius
806 298 1113 355 parttbularum;
1143 296 1286 343 deinde
1320 298 1369 343 de
1389 299 1561 351 consilio,
1594 314 1680 358 quo

225 363 395 402 omioni
425 363 598 403 Socratis
631 364 803 403 insertus
832 363 900 410 sit3
933 373 1021 403 tum
1054 360 1104 403 de
1134 364 1249 404 omui
1280 364 1368 405 eius
1400 363 1517 404 indole
1548 375 1587 404 et
1620 379 1683 404 na·

223 431 333 473 tur-115
366 421 540 480 denique
569 422 618 465 de
636 422 816 477 fontibus
846 424 933 465 eius
964 436 1182 480 exponam.
1619 429 1623 432 ’

390 546 557 602 Mythus
578 548 666 603 ipse
685 548 737 588 ita
763 560 805 589 se
827 545 966 590 habet:
1000 560 1038 591 2.
1093 550 1265 610 „Qum
1291 551 1428 590 Venus
1455 559 1542 589 nata
1567 557 1683 599 essct,

226 605 281 650 dii
319 611 562 651 conuiuium
599 611 877 661 instituerunt,
916 612 982 652 cui
1015 612 1137 653 eriam
1177 605 1321 661 Porus,
1360 609 1522 653 Meridis
1563 607 1684 660 filius,

225 673 427 716 intererat.
494 674 713 729 Postquam
747 685 1039 723 coenauerant,
1071 675 1188 715 Penia
1210 671 1367 726 gaudiis
1391 671 1562 714 deorum
1589 685 1684 725 cog-

227 734 321 774 nitis
352 732 535 784 aduenit,
569 747 653 790 quo
678 736 822 790 stipem
848 732 1072 789 colligeret.
1110 747 1146 789 3.
1211 736 1353 795 Qum
1378 746 1512 774 autem
1535 737 1684 774 Porum

226 794 395 836 hortum
434 796 543 836 Iouis
573 797 723 838 intrare
756 797 936 848 vidisset,
974 807 1094 854 atque
1135 793 1264 837 filium
1305 808 1355 835 ex
1389 808 1440 836 eo
1469 796 1684 848 concipere

226 867 413 911 cuperet,
447 868 617 913 sequuta
648 870 744 899 eum
775 870 856 908 est,
890 871 1100 916 quumque
1130 855 1197 898 ille
1230 853 1391 899 nestare
1422 855 1554 899 ebrius
1577 869 1684 897 swin-

226 931 366 976 noque
401 921 537 974 grauis
568 917 781 972 dormires,
816 921 931 961 iuxta
948 925 1060 962 ‘eum
1094 917 1297 970 coasedit,
1336 920 1473 975 sicque
1502 919 1686 973 concepit
1739 929 1747 932 “

226 983 443 1023 Amorem.
509 983 595 1044 Qi
626 975 753 1040 qutlm‘
787 980 935 1024 eodem
956 984 1061 1023 'dum
1093 981 1250 1023 Venere
1276 991 1388 1023 natus
1409 982 1456 1022 sit
1480 978 1563 1033 die,
1596 993 1685 1022 eam

228 1039 422 1094 sectatur,
452 1054 492 1084 et
523 1057 652 1101 quum
684 1044 783 1085 haec
822 1045 873 1085 sit
903 1040 1089 1099 pulchra,
1121 1040 1187 1084 ille
1217 1044 1337 1084 etiam
1362 1044 1445 1098 ipse
1472 1042 1536 1092 id,
1572 1041 1684 1099 quod

225 1101 446 1161 pulchrum
472 1119 552 1159 esr,
584 1116 700 1148 amat.
736 1103 839 1165 ‘Sed
871 1118 1000 1164 quum
1034 1106 1180 1149 Penian
1212 1102 1354 1146 habeat
1384 1116 1574 1155 matrem,
1614 1106 1686 1146 Po-

226 1180 321 1209 rum
353 1178 491 1209 autem
523 1166 697 1224 patrem:
729 1165 943 1210 virtutibus
985 1169 1106 1209 etiam
1130 1180 1203 1222 pro
1225 1166 1449 1209 diuersitate
1476 1179 1688 1221 parentum

225 1225 444 1273 instrudius
476 1240 536 1272 est
566 1228 745 1273 diuersis.
810 1231 958 1291 Quum
983 1230 1235 1288 fisslfflssenia
1259 1242 1354 1271 eum
1378 1229 1597 1285 pepererit,
1629 1226 1688 1280 fit5

229 1302 277 1332 ut
301 1293 390 1345 ipse
421 1304 587 1348 quoque
618 1294 669 1331 sit
697 1301 849 1345 pauper
878 1293 1149 1347 neque‘geuer
1167 1281 1422 1346 'et'p'ulch'er5
1455 1288 1689 1347 sed‘aSperi-

231 1353 315 1396 oris
341 1362 526 1402 naturae,
547 1353 752 1407 impurus,
779 1341 1225 1412 disclal‘ceatusgdomm
1248 1347 1354 1393 ledio
1378 1350 1604 1403 destitutus,
1619 1349 1688 1393 ⁴ad

227 1414 336 1457 fores
369 1414 411 1455 in
442 1415 507 1456 via
538 1409 614 1455 sub
642 1411 712 1456 dio
746 1408 982 1463 dormiens'‚‘
1002 1423 1043 1455 et
1062 1406 1130 1455 *sic
1158 1408 1297 1469 porro.
1379 1413 1526 1468 Quum
1552 1410 1689 1456 autem

225 1477 361 1518 Porus
391 1487 490 1518 eum
522 1476 726 1530 genuerit,
757 1472 856 1516 boni
887 1471 1123 1532 pulchrique
1153 1473 1345 1531 cupidus,
1375 1475 1491 1518 fortis
1507 1506 1518 1528 ‚
1550 1474 1691 1526 audax,

227 1535 474 1589 vehemens,
514 1546 683 1579 venator
721 1547 927 1588 summus,
947 1532 1152 1588 callidus,
1192 1537 1409 1593 sapientiae
1448 1549 1607 1589 amans,
1648 1547 1691 1579 et

227 1596 498 1657 philosophus
529 1612 601 1658 per
632 1608 761 1642 totam
792 1599 920 1641 vitam
952 1605 1029 1644 est.
1059 1597 1308 1654 .Caeterum
1341 1611 1473 1657 quum
1504 1614 1587 1643 vno
1626 1612 1692 1642 eo-

229 1660 408 1718 demque
439 1660 505 1704 die
527 1657 699 1717 pullulet
721 1666 762 1704 et
784 1663 915 1713 viuat,
946 1674 1112 1704 summo
1135 1671 1273 1704 autem
1298 1663 1567 1718 prosperitatis
1585 1663 1693 1717 fasti·

229 1724 303 1781 gio
336 1736 503 1767 ascenso
545 1725 763 1776 moriatur,
805 1734 947 1781 postea
987 1736 1085 1767 vero
1119 1721 1175 1766 ob
1206 1725 1324 1784 partis
1356 1735 1537 1767 naturam
1568 1727 1694 1768 vitam

232 1788 421 1845 recipiat.-
449 1800 583 1847 neque
609 1783 793 1831 mortalis
803 1796 820 1842 ,‘
848 1799 982 1847 neque
1013 1787 1134 1831 etiam
1160 1783 1425 1841 immortalis,
1453 1785 1532 1833 dici
1547 1797 1693 1846 potest.

1584 1852 1639 1893 Vt

280 1981 317 2008 2.
340 1971 476 2016 Legitur
494 1970 550 2005 hic
573 1969 706 2016 mythus
727 1944 876 2016 Sympes.
898 1970 943 2005 Pl.
969 1970 1081 2011 xxm,
1103 1981 1136 2012 4.
1156 1968 1194 2005 ss.

283 2070 319 2108 3.
341 2062 392 2094 De
422 2059 563 2099 Metide,
595 2071 653 2094 seu
685 2060 873 2098 Prudentia,
906 2060 945 2095 de
980 2062 1078 2100 Poro,
1110 2072 1180 2105 quo
1205 2059 1415 2100 abundantia,
1445 2063 1600 2109 inprimis!
1621 2074 1693 2108 pru-
1759 2054 1775 2066 ⁶

346 2106 471 2139 dentiae
504 2115 535 2139 et
565 2106 743 2140 calliditatis
774 2105 988 2150 significatur,
1020 2116 1052 2140 et
1075 2106 1114 2140 de
1144 2108 1256 2146 Penia,
1288 2116 1487 2152 paupertate,
1512 2110 1638 2143 consilii
1661 2118 1693 2143 et

345 2151 532 2234 grudeztiae
546 2153 689 2207 Ᾰίηορίιι,ι
707 2164 743 2189 ea
766 2151 902 2191 conferri
923 2161 1058 2200 possunt
1065 2176 1075 2206 ²,
1107 2164 1187 2201 quae
1209 2154 1245 2189 in
1267 2154 1388 2190 Prolus.
1408 2154 1448 2189 de
1470 2157 1567 2190 Erote
1589 2156 1696 2190 Socra·

345 2206 387 2234 ns
408 2208 453 2234 uo
506 2207 555 2240 ¹4·
576 2209 702 2236 monm-
