<?xml version="1.0" encoding="UTF-8"?>
<!DOCTYPE html PUBLIC "-//W3C//DTD XHTML 1.0 Transitional//EN"
    "http://www.w3.org/TR/xhtml1/DTD/xhtml1-transitional.dtd">
<html xmlns="http://www.w3.org/1999/xhtml" xml:lang="en" lang="en">
 <head>
  <title>
</title>
<meta http-equiv="Content-Type" content="text/html;charset=utf-8" />
  <meta name='ocr-system' content='tesseract 3.04.00' />
  <meta name='ocr-capabilities' content='ocr_page ocr_carea ocr_par ocr_line ocrx_word'/>
</head>
<body>
  <div class='ocr_page' id='page_1' title='image "4625106_0009.png"; bbox 0 0 1943 2400; ppageno 0'>
   <div class='ocr_carea' id='block_1_1' title="bbox 0 1174 3 1677">
    <p class='ocr_par' dir='ltr' id='par_1_1' title="bbox 0 1174 3 1677">
     <span class='ocr_line' id='line_1_1' title="bbox 0 1174 3 1677; baseline 0 0"><span class='ocrx_word' id='word_1_1' title='bbox 0 1174 3 1677; x_wconf 95' lang='lat' dir='ltr'> </span> 
     </span>
    </p>
   </div>
   <div class='ocr_carea' id='block_1_2' title="bbox 456 114 1530 531">
    <p class='ocr_par' dir='ltr' id='par_1_2' title="bbox 456 114 1530 531">
     <span class='ocr_line' id='line_1_2' title="bbox 456 114 1530 531; baseline 0 1869"><span class='ocrx_word' id='word_1_2' title='bbox 456 114 1530 531; x_wconf 95' lang='lat' dir='ltr'> </span> 
     </span>
    </p>
   </div>
   <div class='ocr_carea' id='block_1_3' title="bbox 247 1137 1706 1716">
    <p class='ocr_par' dir='ltr' id='par_1_3' title="bbox 247 1137 1706 1716">
     <span class='ocr_line' id='line_1_3' title="bbox 248 1137 1705 1286; baseline 0.003 -17"><span class='ocrx_word' id='word_1_3' title='bbox 248 1137 473 1284; x_wconf 63' lang='lat' dir='ltr'>Quum</span> <span class='ocrx_word' id='word_1_4' title='bbox 511 1227 593 1270; x_wconf 81' lang='lat' dir='ltr'>iam</span> <span class='ocrx_word' id='word_1_5' title='bbox 624 1236 719 1286; x_wconf 57' lang='lat' dir='ltr'>ante</span> <span class='ocrx_word' id='word_1_6' title='bbox 756 1239 840 1275; x_wconf 71' lang='lat' dir='ltr'>sex¹</span> <span class='ocrx_word' id='word_1_7' title='bbox 860 1238 989 1274; x_wconf 78' lang='lat' dir='ltr'>annos</span> <span class='ocrx_word' id='word_1_8' title='bbox 1027 1224 1080 1268; x_wconf 87' lang='lat' dir='ltr'>de</span> <span class='ocrx_word' id='word_1_9' title='bbox 1118 1224 1392 1281; x_wconf 85' lang='lat' dir='ltr'>gravioribus,</span> <span class='ocrx_word' id='word_1_10' title='bbox 1421 1225 1472 1269; x_wconf 79' lang='lat' dir='ltr'>ad</span> <span class='ocrx_word' id='word_1_11' title='bbox 1502 1230 1705 1286; x_wconf 82' lang='lat' dir='ltr'>Symposi-</span> 
     </span>
     <span class='ocr_line' id='line_1_4' title="bbox 248 1283 1706 1346; baseline 0.003 -16"><span class='ocrx_word' id='word_1_12' title='bbox 248 1301 323 1330; x_wconf 90' lang='lat' dir='ltr'>um</span> <span class='ocrx_word' id='word_1_13' title='bbox 377 1286 552 1331; x_wconf 81' lang='lat' dir='ltr'><strong>Platonis</strong></span> <span class='ocrx_word' id='word_1_14' title='bbox 607 1284 921 1343; x_wconf 85' lang='lat' dir='ltr'>pertinentibus,</span> <span class='ocrx_word' id='word_1_15' title='bbox 972 1283 1103 1330; x_wconf 68' lang='lat' dir='ltr'>&#39;rebus</span> <span class='ocrx_word' id='word_1_16' title='bbox 1152 1299 1361 1343; x_wconf 85' lang='lat' dir='ltr'>exponere</span> <span class='ocrx_word' id='word_1_17' title='bbox 1405 1291 1617 1346; x_wconf 83' lang='lat' dir='ltr'>coeperim</span> <span class='ocrx_word' id='word_1_18' title='bbox 1661 1304 1706 1344; x_wconf 76' lang='lat'>15</span> 
     </span>
     <span class='ocr_line' id='line_1_5' title="bbox 247 1344 1704 1407; baseline 0.003 -17"><span class='ocrx_word' id='word_1_19' title='bbox 247 1362 455 1407; x_wconf 89' lang='lat' dir='ltr'>quumque</span> <span class='ocrx_word' id='word_1_20' title='bbox 491 1349 573 1390; x_wconf 91' lang='lat' dir='ltr'>huc</span> <span class='ocrx_word' id='word_1_21' title='bbox 610 1346 719 1390; x_wconf 85' lang='lat' dir='ltr'>haud</span> <span class='ocrx_word' id='word_1_22' title='bbox 755 1346 878 1390; x_wconf 87' lang='lat' dir='ltr'>dubie</span> <span class='ocrx_word' id='word_1_23' title='bbox 922 1349 1044 1390; x_wconf 83' lang='lat' dir='ltr'>etiam</span> <span class='ocrx_word' id='word_1_24' title='bbox 1078 1344 1147 1389; x_wconf 86' lang='lat' dir='ltr'>ille</span> <span class='ocrx_word' id='word_1_25' title='bbox 1187 1349 1350 1403; x_wconf 89' lang='lat' dir='ltr'>mythus</span> <span class='ocrx_word' id='word_1_26' title='bbox 1378 1350 1518 1391; x_wconf 88' lang='lat' dir='ltr'>referri</span> <span class='ocrx_word' id='word_1_27' title='bbox 1546 1349 1704 1406; x_wconf 82' lang='lat' dir='ltr'>debeat,</span> 
     </span>
     <span class='ocr_line' id='line_1_6' title="bbox 247 1407 1705 1468; baseline 0.003 -15"><span class='ocrx_word' id='word_1_28' title='bbox 247 1412 317 1468; x_wconf 88' lang='lat' dir='ltr'>qui</span> <span class='ocrx_word' id='word_1_29' title='bbox 350 1412 503 1454; x_wconf 82' lang='lat' dir='ltr'>Socrati</span> <span class='ocrx_word' id='word_1_30' title='bbox 536 1425 558 1453; x_wconf 80' lang='lat' dir='ltr'>a</span> <span class='ocrx_word' id='word_1_31' title='bbox 584 1408 750 1457; x_wconf 86' lang='lat' dir='ltr'>Platone</span> <span class='ocrx_word' id='word_1_32' title='bbox 780 1408 991 1453; x_wconf 87' lang='lat' dir='ltr'>tribuitur:</span> <span class='ocrx_word' id='word_1_33' title='bbox 1023 1421 1136 1451; x_wconf 88' lang='lat' dir='ltr'>nunc</span> <span class='ocrx_word' id='word_1_34' title='bbox 1156 1411 1371 1453; x_wconf 86' lang='lat' dir='ltr'>occasione</span> <span class='ocrx_word' id='word_1_35' title='bbox 1400 1407 1599 1454; x_wconf 86' lang='lat' dir='ltr'>scribendi</span> <span class='ocrx_word' id='word_1_36' title='bbox 1621 1427 1705 1457; x_wconf 87' lang='lat' dir='ltr'>rur-</span> 
     </span>
     <span class='ocr_line' id='line_1_7' title="bbox 248 1467 1705 1531; baseline 0.003 -17"><span class='ocrx_word' id='word_1_37' title='bbox 248 1484 315 1514; x_wconf 87' lang='lat' dir='ltr'>sus</span> <span class='ocrx_word' id='word_1_38' title='bbox 347 1469 480 1515; x_wconf 81' lang='lat' dir='ltr'>oblata</span> <span class='ocrx_word' id='word_1_39' title='bbox 510 1473 563 1514; x_wconf 84' lang='lat' dir='ltr'>ita</span> <span class='ocrx_word' id='word_1_40' title='bbox 593 1481 702 1523; x_wconf 82' lang='lat' dir='ltr'>vtar,</span> <span class='ocrx_word' id='word_1_41' title='bbox 731 1481 774 1514; x_wconf 92' lang='lat' dir='ltr'>vt</span> <span class='ocrx_word' id='word_1_42' title='bbox 805 1469 856 1513; x_wconf 90' lang='lat' dir='ltr'>de</span> <span class='ocrx_word' id='word_1_43' title='bbox 886 1467 958 1513; x_wconf 92' lang='lat' dir='ltr'>illo</span> <span class='ocrx_word' id='word_1_44' title='bbox 992 1469 1134 1526; x_wconf 84' lang='lat' dir='ltr'>mytho</span> <span class='ocrx_word' id='word_1_45' title='bbox 1164 1468 1329 1514; x_wconf 87' lang='lat' dir='ltr'>vberius</span> <span class='ocrx_word' id='word_1_46' title='bbox 1359 1484 1498 1528; x_wconf 81' lang='lat' dir='ltr'>agam,</span> <span class='ocrx_word' id='word_1_47' title='bbox 1536 1485 1589 1515; x_wconf 88' lang='lat' dir='ltr'>ne</span> <span class='ocrx_word' id='word_1_48' title='bbox 1617 1488 1705 1531; x_wconf 84' lang='lat' dir='ltr'>gra·</span> 
     </span>
     <span class='ocr_line' id='line_1_8' title="bbox 248 1530 1704 1594; baseline 0.001 -18"><span class='ocrx_word' id='word_1_49' title='bbox 248 1534 371 1577; x_wconf 89' lang='lat' dir='ltr'>vioris</span> <span class='ocrx_word' id='word_1_50' title='bbox 411 1536 533 1591; x_wconf 80' lang='lat' dir='ltr'>partis</span> <span class='ocrx_word' id='word_1_51' title='bbox 570 1530 877 1577; x_wconf 86' lang='lat' dir='ltr'>illustrationem</span> <span class='ocrx_word' id='word_1_52' title='bbox 907 1533 1093 1576; x_wconf 89' lang='lat' dir='ltr'>omisisse</span> <span class='ocrx_word' id='word_1_53' title='bbox 1132 1530 1278 1575; x_wconf 83' lang='lat' dir='ltr'>videar.</span> <span class='ocrx_word' id='word_1_54' title='bbox 1342 1533 1393 1576; x_wconf 90' lang='lat' dir='ltr'>Et</span> <span class='ocrx_word' id='word_1_55' title='bbox 1424 1534 1505 1582; x_wconf 87' lang='lat' dir='ltr'>hoc</span> <span class='ocrx_word' id='word_1_56' title='bbox 1535 1535 1704 1594; x_wconf 84' lang='lat' dir='ltr'>quidem</span> 
     </span>
     <span class='ocr_line' id='line_1_9' title="bbox 248 1592 1705 1658; baseline 0.003 -21"><span class='ocrx_word' id='word_1_57' title='bbox 248 1597 465 1651; x_wconf 87' lang='lat' dir='ltr'>negotium</span> <span class='ocrx_word' id='word_1_58' title='bbox 479 1609 546 1638; x_wconf 63' lang='lat' dir='ltr'>‘eo</span> <span class='ocrx_word' id='word_1_59' title='bbox 578 1592 781 1638; x_wconf 85' lang='lat' dir='ltr'>lubentius</span> <span class='ocrx_word' id='word_1_60' title='bbox 810 1593 916 1639; x_wconf 76' lang='lat' dir='ltr'>mihi</span> <span class='ocrx_word' id='word_1_61' title='bbox 932 1595 1138 1651; x_wconf 82' lang='lat' dir='ltr'>imposui,</span> <span class='ocrx_word' id='word_1_62' title='bbox 1169 1598 1299 1653; x_wconf 83' lang='lat' dir='ltr'>quum</span> <span class='ocrx_word' id='word_1_63' title='bbox 1325 1596 1407 1638; x_wconf 82' lang='lat' dir='ltr'>iam</span> <span class='ocrx_word' id='word_1_64' title='bbox 1437 1592 1509 1639; x_wconf 89' lang='lat' dir='ltr'>illo</span> <span class='ocrx_word' id='word_1_65' title='bbox 1526 1645 1528 1647; x_wconf 59' lang='grc'><strong>,</strong></span> <span class='ocrx_word' id='word_1_66' title='bbox 1547 1608 1705 1658; x_wconf 84' lang='lat' dir='ltr'>tempo-</span> 
     </span>
     <span class='ocr_line' id='line_1_10' title="bbox 247 1654 1704 1716; baseline 0.003 -15"><span class='ocrx_word' id='word_1_67' title='bbox 247 1670 312 1711; x_wconf 86' lang='lat' dir='ltr'>re,</span> <span class='ocrx_word' id='word_1_68' title='bbox 344 1658 441 1716; x_wconf 72' lang='lat' dir='ltr'>quoj</span> <span class='ocrx_word' id='word_1_69' title='bbox 463 1655 514 1700; x_wconf 87' lang='lat' dir='ltr'>de</span> <span class='ocrx_word' id='word_1_70' title='bbox 540 1658 731 1714; x_wconf 83' lang='lat' dir='ltr'>primario</span> <span class='ocrx_word' id='word_1_71' title='bbox 753 1657 956 1714; x_wconf 88' lang='lat' dir='ltr'>Symposii</span> <span class='ocrx_word' id='word_1_72' title='bbox 977 1654 1149 1701; x_wconf 81' lang='lat' dir='ltr'>Platonis</span> <span class='ocrx_word' id='word_1_73' title='bbox 1171 1655 1384 1713; x_wconf 82' lang='lat' dir='ltr'>proposito</span> <span class='ocrx_word' id='word_1_74' title='bbox 1406 1662 1598 1715; x_wconf 83' lang='lat' dir='ltr'>exposui,</span> <span class='ocrx_word' id='word_1_75' title='bbox 1629 1665 1704 1705; x_wconf 86' lang='lat' dir='ltr'>mi-</span> 
     </span>
    </p>
   </div>
   <div class='ocr_carea' id='block_1_4' title="bbox 179 1715 1704 1776">
    <p class='ocr_par' dir='ltr' id='par_1_4' title="bbox 179 1715 1704 1776">
     <span class='ocr_line' id='line_1_11' title="bbox 179 1715 1704 1776; baseline 0.003 -13"><span class='ocrx_word' id='word_1_76' title='bbox 179 1751 185 1755; x_wconf 88' lang='grc'>-</span> <span class='ocrx_word' id='word_1_77' title='bbox 247 1718 292 1764; x_wconf 87' lang='lat' dir='ltr'>hi</span> <span class='ocrx_word' id='word_1_78' title='bbox 323 1729 427 1762; x_wconf 89' lang='lat' dir='ltr'>esset</span> <span class='ocrx_word' id='word_1_79' title='bbox 454 1720 824 1776; x_wconf 84' lang='lat' dir='ltr'>persuasissimum,</span> <span class='ocrx_word' id='word_1_80' title='bbox 853 1716 972 1761; x_wconf 88' lang='lat' dir='ltr'>illum</span> <span class='ocrx_word' id='word_1_81' title='bbox 1005 1718 1193 1773; x_wconf 89' lang='lat' dir='ltr'>mythum</span> <span class='ocrx_word' id='word_1_82' title='bbox 1216 1732 1242 1764; x_wconf 72' lang='lat' dir='ltr'>,a</span> <span class='ocrx_word' id='word_1_83' title='bbox 1265 1715 1435 1762; x_wconf 84' lang='lat' dir='ltr'>Platone</span> <span class='ocrx_word' id='word_1_84' title='bbox 1464 1733 1548 1764; x_wconf 89' lang='lat' dir='ltr'>non</span> <span class='ocrx_word' id='word_1_85' title='bbox 1580 1722 1704 1768; x_wconf 88' lang='lat' dir='ltr'>medi·</span> 
     </span>
    </p>
   </div>
   <div class='ocr_carea' id='block_1_5' title="bbox 192 1777 1738 2085">
    <p class='ocr_par' dir='ltr' id='par_1_5' title="bbox 249 1777 1704 1842">
     <span class='ocr_line' id='line_1_12' title="bbox 249 1777 1704 1842; baseline 0.002 -18"><span class='ocrx_word' id='word_1_86' title='bbox 249 1783 335 1824; x_wconf 88' lang='lat' dir='ltr'>ocri</span> <span class='ocrx_word' id='word_1_87' title='bbox 367 1793 449 1824; x_wconf 80' lang='lat' dir='ltr'>arte</span> <span class='ocrx_word' id='word_1_88' title='bbox 480 1780 574 1824; x_wconf 90' lang='lat' dir='ltr'>ideo</span> <span class='ocrx_word' id='word_1_89' title='bbox 599 1794 686 1823; x_wconf 89' lang='lat' dir='ltr'>esse</span> <span class='ocrx_word' id='word_1_90' title='bbox 709 1777 948 1838; x_wconf 64' lang='lat' dir='ltr'>coufiflum,</span> <span class='ocrx_word' id='word_1_91' title='bbox 977 1778 1021 1822; x_wconf 79' lang='lat' dir='ltr'>vt</span> <span class='ocrx_word' id='word_1_92' title='bbox 1041 1782 1080 1822; x_wconf 88' lang='lat' dir='ltr'>ei</span> <span class='ocrx_word' id='word_1_93' title='bbox 1105 1781 1240 1823; x_wconf 90' lang='lat' dir='ltr'>omnis</span> <span class='ocrx_word' id='word_1_94' title='bbox 1263 1782 1435 1825; x_wconf 84' lang='lat' dir='ltr'>Socratis</span> <span class='ocrx_word' id='word_1_95' title='bbox 1456 1793 1576 1842; x_wconf 84' lang='lat' dir='ltr'>atque</span> <span class='ocrx_word' id='word_1_96' title='bbox 1601 1784 1704 1831; x_wconf 84' lang='lat' dir='ltr'>adeo</span> 
     </span>
    </p>

    <p class='ocr_par' dir='ltr' id='par_1_6' title="bbox 248 1840 1703 1902">
     <span class='ocr_line' id='line_1_13' title="bbox 248 1840 1703 1902; baseline 0.004 -17"><span class='ocrx_word' id='word_1_97' title='bbox 248 1840 428 1887; x_wconf 84' lang='lat' dir='ltr'>Platonis</span> <span class='ocrx_word' id='word_1_98' title='bbox 457 1842 508 1886; x_wconf 85' lang='lat' dir='ltr'>de</span> <span class='ocrx_word' id='word_1_99' title='bbox 539 1846 694 1886; x_wconf 88' lang='lat' dir='ltr'>Amore</span> <span class='ocrx_word' id='word_1_100' title='bbox 725 1843 920 1884; x_wconf 86' lang='lat' dir='ltr'>sententia</span> <span class='ocrx_word' id='word_1_101' title='bbox 951 1852 1314 1898; x_wconf 88' lang='lat' dir='ltr'>superstrueretur‚</span> <span class='ocrx_word' id='word_1_102' title='bbox 1346 1856 1425 1902; x_wconf 87' lang='lat' dir='ltr'>qua</span> <span class='ocrx_word' id='word_1_103' title='bbox 1464 1848 1703 1901; x_wconf 84' lang='lat' dir='ltr'>primarium</span> 
     </span>
    </p>

    <p class='ocr_par' dir='ltr' id='par_1_7' title="bbox 192 1902 1738 1963">
     <span class='ocr_line' id='line_1_14' title="bbox 192 1902 1738 1963; baseline 0.004 -16"><span class='ocrx_word' id='word_1_104' title='bbox 192 1922 198 1927; x_wconf 75' lang='grc'><strong>-</strong></span> <span class='ocrx_word' id='word_1_105' title='bbox 252 1907 387 1948; x_wconf 86' lang='lat' dir='ltr'>omnis</span> <span class='ocrx_word' id='word_1_106' title='bbox 417 1902 540 1948; x_wconf 89' lang='lat' dir='ltr'>libelli</span> <span class='ocrx_word' id='word_1_107' title='bbox 570 1905 827 1961; x_wconf 87' lang='lat' dir='ltr'>propositum</span> <span class='ocrx_word' id='word_1_108' title='bbox 858 1916 912 1949; x_wconf 86' lang='lat' dir='ltr'>ex</span> <span class='ocrx_word' id='word_1_109' title='bbox 941 1915 1054 1962; x_wconf 81' lang='lat' dir='ltr'>parte</span> <span class='ocrx_word' id='word_1_110' title='bbox 1086 1905 1335 1954; x_wconf 76' lang='lat' dir='ltr'>innueretur,</span> <span class='ocrx_word' id='word_1_111' title='bbox 1383 1906 1620 1963; x_wconf 13' lang='lat' dir='ltr'>‘Caeterum</span> <span class='ocrx_word' id='word_1_112' title='bbox 1648 1912 1704 1953; x_wconf 79' lang='lat' dir='ltr'>ita</span> <span class='ocrx_word' id='word_1_113' title='bbox 1736 1919 1738 1924; x_wconf 84' lang='lat'>&#39;</span> 
     </span>
    </p>

    <p class='ocr_par' dir='ltr' id='par_1_8' title="bbox 251 1961 1703 2085">
     <span class='ocr_line' id='line_1_15' title="bbox 251 1961 1703 2027; baseline 0.005 -18"><span class='ocrx_word' id='word_1_114' title='bbox 251 1965 448 2010; x_wconf 80' lang='lat' dir='ltr'>versabor</span> <span class='ocrx_word' id='word_1_115' title='bbox 461 1968 503 2008; x_wconf 89' lang='lat' dir='ltr'>in</span> <span class='ocrx_word' id='word_1_116' title='bbox 529 1966 605 2009; x_wconf 87' lang='lat' dir='ltr'>hac</span> <span class='ocrx_word' id='word_1_117' title='bbox 626 1968 862 2027; x_wconf 81' lang='lat' dir='ltr'>quaestione</span> <span class='ocrx_word' id='word_1_118' title='bbox 883 1961 1109 2019; x_wconf 53' lang='lat' dir='ltr'>radiantia,</span> <span class='ocrx_word' id='word_1_119' title='bbox 1138 1976 1202 2018; x_wconf 91' lang='lat' dir='ltr'>vt,</span> <span class='ocrx_word' id='word_1_120' title='bbox 1235 1966 1377 2021; x_wconf 88' lang='lat' dir='ltr'>mytho</span> <span class='ocrx_word' id='word_1_121' title='bbox 1398 1967 1490 2027; x_wconf 88' lang='lat' dir='ltr'>ipso</span> <span class='ocrx_word' id='word_1_122' title='bbox 1505 1981 1703 2026; x_wconf 79' lang='lat' dir='ltr'>enarrate,</span> 
     </span>
     <span class='ocr_line' id='line_1_16' title="bbox 935 2031 1640 2085; baseline 0.001 -10"><span class='ocrx_word' id='word_1_123' title='bbox 935 2064 954 2085; x_wconf 76' lang='grc'><em>,</em></span> <span class='ocrx_word' id='word_1_124' title='bbox 986 2038 1013 2075; x_wconf 83' lang='lat'>2</span> <span class='ocrx_word' id='word_1_125' title='bbox 1588 2031 1640 2076; x_wconf 84' lang='lat' dir='ltr'>de</span> 
     </span>
    </p>
   </div>
   <div class='ocr_carea' id='block_1_6' title="bbox 305 2149 1734 2197">
    <p class='ocr_par' dir='ltr' id='par_1_9' title="bbox 305 2149 1734 2197">
     <span class='ocr_line' id='line_1_17' title="bbox 305 2149 1734 2197; baseline 0.005 -13"><span class='ocrx_word' id='word_1_126' title='bbox 305 2162 330 2184; x_wconf 80' lang='lat' dir='ltr'>x.</span> <span class='ocrx_word' id='word_1_127' title='bbox 352 2152 447 2185; x_wconf 83' lang='lat' dir='ltr'>Tune</span> <span class='ocrx_word' id='word_1_128' title='bbox 470 2150 556 2184; x_wconf 75' lang='lat' dir='ltr'>enim</span> <span class='ocrx_word' id='word_1_129' title='bbox 580 2150 731 2196; x_wconf 83' lang='lat' dir='ltr'>temporis</span> <span class='ocrx_word' id='word_1_130' title='bbox 754 2149 975 2186; x_wconf 72' lang='lat' dir='ltr'>Proiusionem</span> <span class='ocrx_word' id='word_1_131' title='bbox 994 2149 1033 2185; x_wconf 81' lang='lat' dir='ltr'>de</span> <span class='ocrx_word' id='word_1_132' title='bbox 1053 2151 1216 2197; x_wconf 77' lang='lat' dir='ltr'>Proposito</span> <span class='ocrx_word' id='word_1_133' title='bbox 1229 2151 1403 2196; x_wconf 62' lang='lat' dir='ltr'>‚Symposii</span> <span class='ocrx_word' id='word_1_134' title='bbox 1421 2153 1559 2188; x_wconf 66' lang='lat' dir='ltr'>Platonis</span> <span class='ocrx_word' id='word_1_135' title='bbox 1574 2154 1680 2192; x_wconf 79' lang='lat' dir='ltr'>,edidi.</span> <span class='ocrx_word' id='word_1_136' title='bbox 1719 2151 1734 2160; x_wconf 50' lang='lat'><strong>⁸</strong></span> 
     </span>
    </p>
   </div>
  </div>
 </body>
</html>
