1943 2400
304 148 367 183 10

239 253 290 298 de
320 251 386 297 illa
417 251 586 300 Amoris
617 254 884 314 descriptione
914 256 992 309 ita,
1024 265 1067 300 vt
1099 253 1202 309 dixi'‚
1234 254 1488 301 statuendum
1520 269 1607 301 esse
1634 270 1697 302 ar·

238 316 376 361 bitror.
442 320 559 361 Nam
590 324 824 377 'quanquam
857 321 989 361 Amor
1019 321 1063 362 in
1095 321 1268 363 Socratis
1300 322 1481 363 oratione
1512 334 1697 364 amorem

237 381 401 437 proprie
442 383 746 439 et·angustiori
787 393 907 424 sensu
947 378 1102 425 dicium
1140 378 1263 425 simul
1303 378 1611 440 complcdiitur‚
1642 393 1698 425 ta·

234 456 333 486 men
372 443 440 487 hic
477 457 560 487 non
601 442 713 488 solus
751 443 996 501 cogitandus
1024 456 1108 498 est,
1146 444 1217 488 sed
1257 458 1382 489 omne
1412 448 1583 490 omnino
1615 443 1699 502 pul-

234 505 325 548 chri
372 503 553 565 bonique
602 506 806 558 studium,
851 506 1131 567 cupiditasque
1176 509 1263 550 eius
1317 507 1560 565 possidendi.
1629 519 1698 562 14.

234 567 394 612 Deinde
424 571 544 613 etiam
574 567 750 630 reliqua,
789 585 893 629 quae
921 574 1066 615 Amori
1094 568 1150 614 ob
1184 573 1320 614 matris
1353 583 1535 615 naturam
1566 573 1698 614 inesse

236 630 428 674 dicuntur
455 632 737 686 incommoda,
772 647 857 676 non
890 634 1029 676 referri
1063 646 1232 690 possunt
1263 633 1311 675 ad
1345 632 1477 676 solum
1513 641 1695 675 amorem

233 695 398 752 proprie
427 693 605 750 dicium,
635 695 706 740 sed
734 698 906 741 omnino
929 695 979 740 de
1000 695 1135 740 studio
1159 693 1315 753 pulchri
1341 707 1382 739 et
1403 694 1498 739 boni
1523 692 1696 752 intelligi

233 754 398 803 debent.
462 757 658 802 Videmus
686 762 833 815 igitur,
866 762 1096 803 varietatem
1128 761 1375 815 imaginum,
1406 757 1556 817 quibus
1579 756 1696 801 vilior

232 821 399 866 Amoris
430 831 571 865 natura
594 820 774 880 depitsta,
806 833 848 865 et
866 835 1047 882 quarum
1075 835 1150 866 vna
1180 832 1339 865 tantum
1369 819 1419 863 ab
1449 817 1695 865 amatoribus

233 880 469 939 vulgaribus
500 883 684 928 desumta
710 896 790 939 est,
823 898 901 928 nos
925 899 1100 929 mouere
1127 882 1293 936 debere,
1323 895 1366 927 vt
1388 883 1438 927 de
1461 886 1575 928 omni
1599 881 1695 928 loco
1751 908 1755 914 ·

232 948 477 989 sententiam
516 959 608 990 ante
645 946 795 990 dietam
828 948 1018 990 feramus.
1049 966 1106 976 —
1167 949 1290 1009 Qae
1327 945 1378 1006 de
1415 947 1695 1003 praestantiori

232 1010 400 1052 Amoris
431 1020 591 1061 natura,
623 1024 646 1052 a
678 1011 803 1055 Poro
827 1021 1006 1068 accepta,
1037 1008 1225 1053 dicuntur
1259 1022 1326 1066 15.
1342 1041 1354 1061 ,
1385 1010 1508 1052 etiam
1537 1004 1694 1064 singula

231 1084 319 1114 non
343 1074 464 1116 nimis
486 1085 580 1116 sunt
601 1073 836 1131 premenda.
899 1077 1002 1116 Sunt
1026 1083 1165 1116 autem
1188 1072 1307 1115 hacc.-
1339 1069 1435 1115 boni
1457 1070 1696 1128 pulchrique

231 1132 425 1189 cupidus,
459 1135 594 1190 fortis,
635 1134 783 1189 audax,
821 1137 1090 1192 inuestigator
1128 1146 1334 1186 summus,
1369 1140 1578 1185 versutus,
1608 1132 1694 1188 phi-

227 1192 429 1254 losophus
477 1209 552 1246 est.
638 1201 735 1242 Hoc
777 1196 872 1243 loco
910 1213 963 1242 ex
1001 1196 1203 1255 prioribus
1239 1197 1524 1255 descriptionis
1562 1192 1695 1240 verbis

228 1257 552 1301 luculentissime
583 1272 711 1315 patet,
743 1265 948 1301 Amorem
970 1259 1168 1301 latissimo
1194 1260 1313 1300 se'nsu
1334 1258 1614 1316 accipiendum
1638 1271 1695 1300 es-

229 1334 297 1372 se,
329 1334 464 1379 neque
492 1333 650 1365 tantum
681 1320 732 1365 ad
763 1318 1103 1378 pulchritudinem
1129 1333 1366 1377 corporum,
1399 1320 1470 1363 sed
1497 1322 1619 1363 etiam
1644 1318 1693 1362 ad

228 1381 424 1439 gloriam,
454 1384 631 1437 diuitias,
662 1386 920 1440 potentianus
938 1385 1171 1440 sapientiam
1203 1393 1245 1426 et
1269 1385 1427 1435 omnia,
1459 1397 1566 1440 quae
1607 1380 1693 1439 pul·

225 1446 325 1490 chra
348 1457 556 1503 putantur,
577 1445 834 1495 referendum
856 1458 958 1491 esse.
1006 1446 1056 1488 Et
1076 1456 1162 1489 tota
1183 1443 1250 1488 illa
1272 1444 1542 1502 descriptione
1560 1447 1693 1489 Socra·

227 1521 290 1551 tes
319 1507 469 1552 docere
500 1507 683 1562 volebat,
713 1523 900 1551 amorem
932 1506 1032 1550 boni
1054 1520 1095 1550 et
1116 1506 1273 1563 pulchri
1294 1511 1381 1551 eius
1406 1522 1493 1551 esse
1518 1510 1692 1563 generis,

227 1582 273 1615 vt
304 1569 420 1615 nullo
442 1584 526 1614 non
553 1583 741 1629 tempore
766 1567 934 1628 pulchra
957 1566 1195 1623 sectaretur,
1226 1582 1267 1613 et
1294 1571 1428 1613 omnis
1451 1572 1612 1626 generis
1634 1584 1691 1613 ar-

225 1633 338 1679 tibus
370 1647 566 1689 vteretur,
614 1647 655 1679 et
676 1632 739 1678 vel
776 1647 936 1678 summa
965 1631 1141 1691 pericula
1170 1630 1358 1677 audaaester
1390 1631 1561 1688 subiret,
1607 1648 1692 1693 quo

227 1696 444 1742 consilium
488 1712 609 1742 suum
642 1698 807 1742 tenere‘t.
838 1718 893 1726 —
958 1699 1171 1760 Quatenus
1210 1709 1347 1741 autem
1385 1700 1516 1740 Amor
1556 1710 1691 1756 neque

226 1763 475 1814 immortalis,
508 1776 641 1821 neque
664 1763 838 1803 mortalis
863 1760 942 1803 dici
966 1754 1114 1817 possit,
1135 1762 1217 1802 iam
1240 1775 1292 1803 ex
1317 1762 1403 1817 ipsa
1425 1756 1693 1803 illustratione

228 1825 383 1866 horum
410 1820 651 1876 verborum,
682 1838 785 1880 quae
814 1821 1091 1879 subsequitur,
1124 1820 1311 1864 concludi
1345 1833 1491 1876 potest.
1554 1822 1692 1865 Nimi-

225 1898 321 1930 rum
361 1884 604 1928 describitur
636 1886 695 1928 sic
717 1885 883 1928 Amoris
914 1894 1054 1927 natura
1082 1880 1169 1935 illa,
1216 1895 1320 1941 quae
1347 1884 1524 1927 cernitur
1550 1884 1593 1927 in
1625 1897 1691 1939 eo,

1583 1957 1627 1991 vt

272 2101 319 2134 ¹4·
343 2090 408 2125 Vid
432 2102 458 2124 c.
481 2102 531 2131 21,
562 2101 611 2126 12.
635 2088 672 2125 ss.
696 2088 738 2125 cf.
762 2100 791 2126 c.
808 2082 862 2129 24,
890 2095 919 2127 8.
950 2099 1000 2122 ιο.

243 2185 247 2188 “
273 2192 325 2224 ις.
349 2182 423 2216 Vid.
446 2194 475 2218 c.
502 2193 552 2226 23,
579 2191 609 2219 8·
