<?xml version="1.0" encoding="UTF-8"?>
<!DOCTYPE html PUBLIC "-//W3C//DTD XHTML 1.0 Transitional//EN"
    "http://www.w3.org/TR/xhtml1/DTD/xhtml1-transitional.dtd">
<html xmlns="http://www.w3.org/1999/xhtml" xml:lang="en" lang="en">
 <head>
  <title>
</title>
<meta http-equiv="Content-Type" content="text/html;charset=utf-8" />
  <meta name='ocr-system' content='tesseract 3.04.00' />
  <meta name='ocr-capabilities' content='ocr_page ocr_carea ocr_par ocr_line ocrx_word'/>
</head>
<body>
  <div class='ocr_page' id='page_1' title='image "4625106_0015.png"; bbox 0 0 1943 2400; ppageno 0'>
   <div class='ocr_carea' id='block_1_1' title="bbox 1584 143 1618 186">
    <p class='ocr_par' dir='ltr' id='par_1_1' title="bbox 1584 143 1618 186">
     <span class='ocr_line' id='line_1_1' title="bbox 1584 143 1618 186; baseline 0 0"><span class='ocrx_word' id='word_1_1' title='bbox 1584 143 1618 186; x_wconf 83' lang='lat'>9</span> 
     </span>
    </p>
   </div>
   <div class='ocr_carea' id='block_1_2' title="bbox 209 243 1688 1983">
    <p class='ocr_par' dir='ltr' id='par_1_2' title="bbox 209 243 1688 1983">
     <span class='ocr_line' id='line_1_2' title="bbox 228 243 1679 309; baseline -0.002 -15"><span class='ocrx_word' id='word_1_2' title='bbox 228 245 444 308; x_wconf 58' lang='lat' dir='ltr'>perfectam</span> <span class='ocrx_word' id='word_1_3' title='bbox 475 245 835 307; x_wconf 69' lang='lat' dir='ltr'>imperfedlamque</span> <span class='ocrx_word' id='word_1_4' title='bbox 864 243 1053 291; x_wconf 75' lang='lat' dir='ltr'>mediam.</span> <span class='ocrx_word' id='word_1_5' title='bbox 1085 264 1142 278; x_wconf 92' lang='lat'>-</span> <span class='ocrx_word' id='word_1_6' title='bbox 1212 244 1341 309; x_wconf 77' lang='lat' dir='ltr'>Qod</span> <span class='ocrx_word' id='word_1_7' title='bbox 1369 253 1506 292; x_wconf 80' lang='lat' dir='ltr'>autem</span> <span class='ocrx_word' id='word_1_8' title='bbox 1536 247 1679 292; x_wconf 82' lang='lat' dir='ltr'><strong>attinet</strong></span> 
     </span>
     <span class='ocr_line' id='line_1_3' title="bbox 228 308 1678 364; baseline -0.001 -10"><span class='ocrx_word' id='word_1_9' title='bbox 228 308 279 354; x_wconf 77' lang='lat' dir='ltr'>ad</span> <span class='ocrx_word' id='word_1_10' title='bbox 302 311 470 355; x_wconf 80' lang='lat' dir='ltr'>hortum</span> <span class='ocrx_word' id='word_1_11' title='bbox 493 313 623 364; x_wconf 88' lang='lat' dir='ltr'>Iouis,</span> <span class='ocrx_word' id='word_1_12' title='bbox 646 312 679 353; x_wconf 89' lang='lat' dir='ltr'>is</span> <span class='ocrx_word' id='word_1_13' title='bbox 702 323 785 353; x_wconf 89' lang='lat' dir='ltr'>non</span> <span class='ocrx_word' id='word_1_14' title='bbox 806 320 969 353; x_wconf 81' lang='lat' dir='ltr'>ornatus</span> <span class='ocrx_word' id='word_1_15' title='bbox 989 319 1152 355; x_wconf 80' lang='lat' dir='ltr'>tantum</span> <span class='ocrx_word' id='word_1_16' title='bbox 1163 321 1301 352; x_wconf 81' lang='lat' dir='ltr'>caussa</span> <span class='ocrx_word' id='word_1_17' title='bbox 1316 319 1678 362; x_wconf 76' lang='lat' dir='ltr'>commemoratur,</span> 
     </span>
     <span class='ocr_line' id='line_1_4' title="bbox 218 368 1678 429; baseline -0.001 -12"><span class='ocrx_word' id='word_1_18' title='bbox 218 371 298 417; x_wconf 79' lang='lat' dir='ltr'>&#39;sed</span> <span class='ocrx_word' id='word_1_19' title='bbox 328 375 552 418; x_wconf 85' lang='lat' dir='ltr'>necessario</span> <span class='ocrx_word' id='word_1_20' title='bbox 571 368 953 417; x_wconf 81' lang='lat' dir='ltr'>commemorandus</span> <span class='ocrx_word' id='word_1_21' title='bbox 982 382 1079 418; x_wconf 86' lang='lat' dir='ltr'>erat.</span> <span class='ocrx_word' id='word_1_22' title='bbox 1122 372 1241 414; x_wconf 87' lang='lat' dir='ltr'>Nam</span> <span class='ocrx_word' id='word_1_23' title='bbox 1269 382 1398 429; x_wconf 90' lang='lat' dir='ltr'>quum</span> <span class='ocrx_word' id='word_1_24' title='bbox 1426 372 1520 415; x_wconf 88' lang='lat' dir='ltr'>Pori</span> <span class='ocrx_word' id='word_1_25' title='bbox 1540 382 1583 415; x_wconf 85' lang='lat' dir='ltr'>et</span> <span class='ocrx_word' id='word_1_26' title='bbox 1607 373 1678 415; x_wconf 84' lang='lat' dir='ltr'>Pe·</span> 
     </span>
     <span class='ocr_line' id='line_1_5' title="bbox 230 431 1676 491; baseline -0.001 -12"><span class='ocrx_word' id='word_1_27' title='bbox 230 438 321 480; x_wconf 87' lang='lat' dir='ltr'>niae</span> <span class='ocrx_word' id='word_1_28' title='bbox 356 447 440 479; x_wconf 88' lang='lat' dir='ltr'>tam</span> <span class='ocrx_word' id='word_1_29' title='bbox 478 434 635 479; x_wconf 81' lang='lat' dir='ltr'>diuersa</span> <span class='ocrx_word' id='word_1_30' title='bbox 674 445 779 478; x_wconf 89' lang='lat' dir='ltr'>esset</span> <span class='ocrx_word' id='word_1_31' title='bbox 816 432 976 487; x_wconf 82' lang='lat' dir='ltr'>natura,</span> <span class='ocrx_word' id='word_1_32' title='bbox 1009 447 1081 491; x_wconf 88' lang='lat' dir='ltr'>per</span> <span class='ocrx_word' id='word_1_33' title='bbox 1118 447 1163 477; x_wconf 88' lang='lat' dir='ltr'>se</span> <span class='ocrx_word' id='word_1_34' title='bbox 1196 446 1282 477; x_wconf 88' lang='lat' dir='ltr'>non</span> <span class='ocrx_word' id='word_1_35' title='bbox 1322 431 1542 477; x_wconf 87' lang='lat' dir='ltr'>verisimile</span> <span class='ocrx_word' id='word_1_36' title='bbox 1579 444 1676 488; x_wconf 84' lang='lat' dir='ltr'>erat,</span> 
     </span>
     <span class='ocr_line' id='line_1_6' title="bbox 228 494 1680 554; baseline -0.002 -11"><span class='ocrx_word' id='word_1_37' title='bbox 228 495 348 543; x_wconf 87' lang='lat' dir='ltr'>illum</span> <span class='ocrx_word' id='word_1_38' title='bbox 378 512 475 542; x_wconf 89' lang='lat' dir='ltr'>cum</span> <span class='ocrx_word' id='word_1_39' title='bbox 503 499 581 542; x_wconf 82' lang='lat' dir='ltr'>hac</span> <span class='ocrx_word' id='word_1_40' title='bbox 611 512 703 542; x_wconf 83' lang='lat' dir='ltr'>rem</span> <span class='ocrx_word' id='word_1_41' title='bbox 729 494 880 541; x_wconf 83' lang='lat' dir='ltr'>habere</span> <span class='ocrx_word' id='word_1_42' title='bbox 910 498 1101 554; x_wconf 78' lang='lat' dir='ltr'>potuisse.</span> <span class='ocrx_word' id='word_1_43' title='bbox 1169 498 1223 540; x_wconf 88' lang='lat' dir='ltr'>Vt</span> <span class='ocrx_word' id='word_1_44' title='bbox 1250 496 1376 553; x_wconf 87' lang='lat' dir='ltr'>igitur</span> <span class='ocrx_word' id='word_1_45' title='bbox 1404 496 1567 553; x_wconf 85' lang='lat' dir='ltr'>mythus</span> <span class='ocrx_word' id='word_1_46' title='bbox 1599 511 1680 540; x_wconf 86' lang='lat' dir='ltr'>ma·</span> 
     </span>
     <span class='ocr_line' id='line_1_7' title="bbox 209 558 1680 616; baseline -0.001 -12"><span class='ocrx_word' id='word_1_47' title='bbox 209 563 362 604; x_wconf 77' lang='lat' dir='ltr'>‘iorem</span> <span class='ocrx_word' id='word_1_48' title='bbox 378 559 570 606; x_wconf 76' lang='lat' dir='ltr'>&#39;veritatis</span> <span class='ocrx_word' id='word_1_49' title='bbox 604 561 783 616; x_wconf 87' lang='lat' dir='ltr'>speciem</span> <span class='ocrx_word' id='word_1_50' title='bbox 810 561 1030 616; x_wconf 86' lang='lat' dir='ltr'>acciperet,</span> <span class='ocrx_word' id='word_1_51' title='bbox 1060 560 1241 616; x_wconf 84' lang='lat' dir='ltr'>primum</span> <span class='ocrx_word' id='word_1_52' title='bbox 1269 558 1409 611; x_wconf 81' lang='lat' dir='ltr'>finxit,</span> <span class='ocrx_word' id='word_1_53' title='bbox 1436 561 1680 603; x_wconf 84' lang='lat' dir='ltr'>conuiuium</span> 
     </span>
     <span class='ocr_line' id='line_1_8' title="bbox 230 618 1684 680; baseline 0.001 -15"><span class='ocrx_word' id='word_1_54' title='bbox 230 620 297 665; x_wconf 86' lang='lat' dir='ltr'>die</span> <span class='ocrx_word' id='word_1_55' title='bbox 320 623 490 680; x_wconf 71' lang='lat' dir='ltr'>Veqen‘s</span> <span class='ocrx_word' id='word_1_56' title='bbox 511 619 630 666; x_wconf 83' lang='lat' dir='ltr'>natali</span> <span class='ocrx_word' id='word_1_57' title='bbox 660 634 749 666; x_wconf 89' lang='lat' dir='ltr'>esse</span> <span class='ocrx_word' id='word_1_58' title='bbox 779 622 1026 675; x_wconf 88' lang='lat' dir='ltr'>institutum,</span> <span class='ocrx_word' id='word_1_59' title='bbox 1058 618 1225 674; x_wconf 86' lang='lat' dir='ltr'>deinde,</span> <span class='ocrx_word' id='word_1_60' title='bbox 1264 621 1416 665; x_wconf 86' lang='lat' dir='ltr'>Porum</span> <span class='ocrx_word' id='word_1_61' title='bbox 1447 618 1610 665; x_wconf 89' lang='lat' dir='ltr'>ebrium</span> <span class='ocrx_word' id='word_1_62' title='bbox 1641 633 1684 667; x_wconf 86' lang='lat' dir='ltr'>et</span> 
     </span>
     <span class='ocr_line' id='line_1_9' title="bbox 227 681 1681 743; baseline 0 -15"><span class='ocrx_word' id='word_1_63' title='bbox 227 682 397 743; x_wconf 61' lang='lat' dir='ltr'>‘quidem</span> <span class='ocrx_word' id='word_1_64' title='bbox 432 681 572 729; x_wconf 86' lang='lat' dir='ltr'>solum</span> <span class='ocrx_word' id='word_1_65' title='bbox 607 685 650 728; x_wconf 85' lang='lat' dir='ltr'>in</span> <span class='ocrx_word' id='word_1_66' title='bbox 687 685 854 729; x_wconf 90' lang='lat' dir='ltr'>hortum</span> <span class='ocrx_word' id='word_1_67' title='bbox 891 686 1004 729; x_wconf 88' lang='lat' dir='ltr'>Iouis</span> <span class='ocrx_word' id='word_1_68' title='bbox 1042 696 1087 728; x_wconf 88' lang='lat' dir='ltr'>se</span> <span class='ocrx_word' id='word_1_69' title='bbox 1124 681 1352 727; x_wconf 83' lang='lat' dir='ltr'>contulisse.</span> <span class='ocrx_word' id='word_1_70' title='bbox 1429 684 1494 728; x_wconf 91' lang='lat' dir='ltr'>Sic</span> <span class='ocrx_word' id='word_1_71' title='bbox 1522 683 1681 738; x_wconf 85' lang='lat' dir='ltr'>Peniae,</span> 
     </span>
     <span class='ocr_line' id='line_1_10' title="bbox 230 742 1681 806; baseline 0.001 -15"><span class='ocrx_word' id='word_1_72' title='bbox 230 745 336 806; x_wconf 75' lang='lat' dir='ltr'>quae</span> <span class='ocrx_word' id='word_1_73' title='bbox 363 748 464 791; x_wconf 89' lang='lat' dir='ltr'>haec</span> <span class='ocrx_word' id='word_1_74' title='bbox 493 748 633 792; x_wconf 86' lang='lat' dir='ltr'>omnia</span> <span class='ocrx_word' id='word_1_75' title='bbox 668 745 1024 800; x_wconf 85' lang='lat' dir='ltr'>animaduerterat,</span> <span class='ocrx_word' id='word_1_76' title='bbox 1053 748 1224 806; x_wconf 74' lang='lat' dir='ltr'>⁸occasio</span> <span class='ocrx_word' id='word_1_77' title='bbox 1258 742 1361 790; x_wconf 58' lang='lat' dir='ltr'>facia</span> <span class='ocrx_word' id='word_1_78' title='bbox 1389 756 1492 798; x_wconf 77' lang='lat' dir='ltr'>erat,</span> <span class='ocrx_word' id='word_1_79' title='bbox 1523 743 1681 792; x_wconf 81' lang='lat' dir='ltr'>Porum</span> 
     </span>
     <span class='ocr_line' id='line_1_11' title="bbox 228 807 1682 870; baseline 0.001 -16"><span class='ocrx_word' id='word_1_80' title='bbox 228 808 502 854; x_wconf 87' lang='lat' dir='ltr'>conueniendi</span> <span class='ocrx_word' id='word_1_81' title='bbox 533 822 574 854; x_wconf 89' lang='lat' dir='ltr'>et</span> <span class='ocrx_word' id='word_1_82' title='bbox 602 808 770 870; x_wconf 88' lang='lat' dir='ltr'>quidem</span> <span class='ocrx_word' id='word_1_83' title='bbox 801 812 888 854; x_wconf 86' lang='lat' dir='ltr'>sine</span> <span class='ocrx_word' id='word_1_84' title='bbox 919 807 1088 856; x_wconf 83' lang='lat' dir='ltr'>arbitn&#39;s.</span> <span class='ocrx_word' id='word_1_85' title='bbox 1149 812 1325 867; x_wconf 79' lang='lat' dir='ltr'>Apparet</span> <span class='ocrx_word' id='word_1_86' title='bbox 1353 811 1480 866; x_wconf 85' lang='lat' dir='ltr'>igitur</span> <span class='ocrx_word' id='word_1_87' title='bbox 1510 823 1562 853; x_wconf 82' lang='lat' dir='ltr'>ex</span> <span class='ocrx_word' id='word_1_88' title='bbox 1589 809 1682 857; x_wconf 82' lang='lat' dir='ltr'>hac·</span> 
     </span>
     <span class='ocr_line' id='line_1_12' title="bbox 229 870 1682 931; baseline 0.001 -16"><span class='ocrx_word' id='word_1_89' title='bbox 229 882 347 915; x_wconf 82' lang='lat' dir='ltr'>tenus</span> <span class='ocrx_word' id='word_1_90' title='bbox 385 870 521 925; x_wconf 71' lang='lat' dir='ltr'>diffls,</span> <span class='ocrx_word' id='word_1_91' title='bbox 558 886 625 924; x_wconf 86' lang='lat' dir='ltr'>ea,</span> <span class='ocrx_word' id='word_1_92' title='bbox 661 885 765 931; x_wconf 88' lang='lat' dir='ltr'>quae</span> <span class='ocrx_word' id='word_1_93' title='bbox 794 870 845 915; x_wconf 84' lang='lat' dir='ltr'>de</span> <span class='ocrx_word' id='word_1_94' title='bbox 875 872 996 916; x_wconf 88' lang='lat' dir='ltr'>horto</span> <span class='ocrx_word' id='word_1_95' title='bbox 1027 873 1140 916; x_wconf 90' lang='lat' dir='ltr'>Iouis</span> <span class='ocrx_word' id='word_1_96' title='bbox 1162 873 1314 915; x_wconf 81' lang='lat' dir='ltr'>intexta</span> <span class='ocrx_word' id='word_1_97' title='bbox 1344 881 1458 923; x_wconf 87' lang='lat' dir='ltr'>sunt,</span> <span class='ocrx_word' id='word_1_98' title='bbox 1486 883 1572 915; x_wconf 88' lang='lat' dir='ltr'>non</span> <span class='ocrx_word' id='word_1_99' title='bbox 1595 874 1682 930; x_wconf 83' lang='lat' dir='ltr'>qui-</span> 
     </span>
     <span class='ocr_line' id='line_1_13' title="bbox 231 931 1683 987; baseline 0.002 -11"><span class='ocrx_word' id='word_1_100' title='bbox 231 932 326 977; x_wconf 88' lang='lat' dir='ltr'>dem</span> <span class='ocrx_word' id='word_1_101' title='bbox 364 934 451 976; x_wconf 89' lang='lat' dir='ltr'>sine</span> <span class='ocrx_word' id='word_1_102' title='bbox 488 946 625 977; x_wconf 83' lang='lat' dir='ltr'>caussa</span> <span class='ocrx_word' id='word_1_103' title='bbox 663 932 794 982; x_wconf 76' lang='lat' dir='ltr'>addita</span> <span class='ocrx_word' id='word_1_104' title='bbox 831 945 940 987; x_wconf 90' lang='lat' dir='ltr'>esse,</span> <span class='ocrx_word' id='word_1_105' title='bbox 977 931 1049 976; x_wconf 84' lang='lat' dir='ltr'>sed</span> <span class='ocrx_word' id='word_1_106' title='bbox 1084 942 1231 976; x_wconf 65' lang='lat' dir='ltr'>tamen‘</span> <span class='ocrx_word' id='word_1_107' title='bbox 1259 946 1346 976; x_wconf 84' lang='lat' dir='ltr'>non</span> <span class='ocrx_word' id='word_1_108' title='bbox 1382 931 1430 976; x_wconf 80' lang='lat' dir='ltr'>id</span> <span class='ocrx_word' id='word_1_109' title='bbox 1461 935 1683 987; x_wconf 80' lang='lat' dir='ltr'>continere,</span> 
     </span>
     <span class='ocr_line' id='line_1_14' title="bbox 231 992 1685 1056; baseline 0.001 -16"><span class='ocrx_word' id='word_1_110' title='bbox 231 995 343 1056; x_wconf 87' lang='lat' dir='ltr'>quod</span> <span class='ocrx_word' id='word_1_111' title='bbox 382 994 657 1052; x_wconf 83' lang='lat' dir='ltr'>Sydenhamus</span> <span class='ocrx_word' id='word_1_112' title='bbox 687 997 820 1038; x_wconf 86' lang='lat' dir='ltr'>inesse</span> <span class='ocrx_word' id='word_1_113' title='bbox 855 992 1032 1052; x_wconf 76' lang='lat' dir='ltr'>putabat.</span> <span class='ocrx_word' id='word_1_114' title='bbox 1061 1015 1117 1024; x_wconf 90' lang='lat'>—</span> <span class='ocrx_word' id='word_1_115' title='bbox 1192 993 1443 1039; x_wconf 81' lang='lat' dir='ltr'>Accedamus</span> <span class='ocrx_word' id='word_1_116' title='bbox 1479 1009 1592 1040; x_wconf 85' lang='lat' dir='ltr'>nunc</span> <span class='ocrx_word' id='word_1_117' title='bbox 1629 1008 1685 1041; x_wconf 82' lang='lat' dir='ltr'>et-</span> 
     </span>
     <span class='ocr_line' id='line_1_15' title="bbox 230 1054 1685 1117; baseline 0 -14"><span class='ocrx_word' id='word_1_118' title='bbox 230 1060 313 1103; x_wconf 89' lang='lat' dir='ltr'>iam</span> <span class='ocrx_word' id='word_1_119' title='bbox 342 1056 391 1100; x_wconf 85' lang='lat' dir='ltr'>ad</span> <span class='ocrx_word' id='word_1_120' title='bbox 421 1071 491 1110; x_wconf 87' lang='lat' dir='ltr'>ea,</span> <span class='ocrx_word' id='word_1_121' title='bbox 528 1058 654 1117; x_wconf 72' lang='lat' dir='ltr'>quae·</span> <span class='ocrx_word' id='word_1_122' title='bbox 670 1054 944 1103; x_wconf 74' lang='lat' dir='ltr'>illustrationis</span> <span class='ocrx_word' id='word_1_123' title='bbox 980 1070 1120 1102; x_wconf 85' lang='lat' dir='ltr'>caussa</span> <span class='ocrx_word' id='word_1_124' title='bbox 1151 1058 1295 1114; x_wconf 86' lang='lat' dir='ltr'>mytho</span> <span class='ocrx_word' id='word_1_125' title='bbox 1326 1057 1459 1101; x_wconf 82' lang='lat' dir='ltr'>addita</span> <span class='ocrx_word' id='word_1_126' title='bbox 1488 1069 1603 1113; x_wconf 86' lang='lat' dir='ltr'>sunt,</span> <span class='ocrx_word' id='word_1_127' title='bbox 1639 1071 1685 1103; x_wconf 86' lang='lat' dir='ltr'>vt</span> 
     </span>
     <span class='ocr_line' id='line_1_16' title="bbox 231 1117 1685 1181; baseline 0.001 -17"><span class='ocrx_word' id='word_1_128' title='bbox 231 1121 359 1164; x_wconf 87' lang='lat' dir='ltr'>mixta</span> <span class='ocrx_word' id='word_1_129' title='bbox 394 1121 560 1164; x_wconf 82' lang='lat' dir='ltr'>Amoris</span> <span class='ocrx_word' id='word_1_130' title='bbox 597 1129 737 1164; x_wconf 81' lang='lat' dir='ltr'>natura</span> <span class='ocrx_word' id='word_1_131' title='bbox 774 1122 907 1177; x_wconf 82' lang='lat' dir='ltr'>magis</span> <span class='ocrx_word' id='word_1_132' title='bbox 945 1117 1227 1168; x_wconf 77' lang='lat' dir='ltr'>declararetur.</span> <span class='ocrx_word' id='word_1_133' title='bbox 1296 1121 1346 1164; x_wconf 90' lang='lat' dir='ltr'>Et</span> <span class='ocrx_word' id='word_1_134' title='bbox 1381 1121 1560 1179; x_wconf 86' lang='lat' dir='ltr'>primum</span> <span class='ocrx_word' id='word_1_135' title='bbox 1597 1123 1685 1181; x_wconf 86' lang='lat' dir='ltr'>qui-</span> 
     </span>
     <span class='ocr_line' id='line_1_17' title="bbox 232 1180 1684 1241; baseline 0.001 -13"><span class='ocrx_word' id='word_1_136' title='bbox 232 1183 329 1228; x_wconf 85' lang='lat' dir='ltr'>dem</span> <span class='ocrx_word' id='word_1_137' title='bbox 360 1180 416 1228; x_wconf 91' lang='lat' dir='ltr'>ob</span> <span class='ocrx_word' id='word_1_138' title='bbox 444 1184 584 1228; x_wconf 88' lang='lat' dir='ltr'>matris</span> <span class='ocrx_word' id='word_1_139' title='bbox 613 1194 798 1227; x_wconf 82' lang='lat' dir='ltr'>naturam</span> <span class='ocrx_word' id='word_1_140' title='bbox 829 1182 975 1227; x_wconf 86' lang='lat' dir='ltr'>dicitur</span> <span class='ocrx_word' id='word_1_141' title='bbox 1003 1194 1253 1240; x_wconf 84' lang='lat' dir='ltr'>paupertate,</span> <span class='ocrx_word' id='word_1_142' title='bbox 1291 1196 1429 1241; x_wconf 81' lang='lat' dir='ltr'>aspera</span> <span class='ocrx_word' id='word_1_143' title='bbox 1462 1195 1600 1228; x_wconf 81' lang='lat' dir='ltr'>natura</span> <span class='ocrx_word' id='word_1_144' title='bbox 1630 1182 1684 1229; x_wconf 84' lang='lat' dir='ltr'>la-</span> 
     </span>
     <span class='ocr_line' id='line_1_18' title="bbox 232 1242 1684 1300; baseline -0.003 -10"><span class='ocrx_word' id='word_1_145' title='bbox 232 1243 398 1300; x_wconf 85' lang='lat' dir='ltr'>borare,</span> <span class='ocrx_word' id='word_1_146' title='bbox 444 1243 609 1297; x_wconf 81' lang='lat' dir='ltr'>calceis,</span> <span class='ocrx_word' id='word_1_147' title='bbox 653 1244 803 1296; x_wconf 86' lang='lat' dir='ltr'>domo,</span> <span class='ocrx_word' id='word_1_148' title='bbox 835 1242 945 1286; x_wconf 65' lang='lat' dir='ltr'>ledlo</span> <span class='ocrx_word' id='word_1_149' title='bbox 985 1243 1139 1296; x_wconf 67' lang='lat' dir='ltr'>mter-e,</span> <span class='ocrx_word' id='word_1_150' title='bbox 1175 1243 1225 1286; x_wconf 81' lang='lat' dir='ltr'>ad</span> <span class='ocrx_word' id='word_1_151' title='bbox 1243 1245 1352 1287; x_wconf 88' lang='lat' dir='ltr'>fores</span> <span class='ocrx_word' id='word_1_152' title='bbox 1382 1244 1572 1289; x_wconf 84' lang='lat' dir='ltr'>dormire.</span> <span class='ocrx_word' id='word_1_153' title='bbox 1612 1257 1684 1294; x_wconf 81' lang='lat'>12·</span> 
     </span>
     <span class='ocr_line' id='line_1_19' title="bbox 230 1302 1686 1366; baseline 0.001 -13"><span class='ocrx_word' id='word_1_154' title='bbox 230 1306 512 1357; x_wconf 12' lang='lat' dir='ltr'>Cumulantur*</span> <span class='ocrx_word' id='word_1_155' title='bbox 532 1306 616 1350; x_wconf 87' lang='lat' dir='ltr'>hoc</span> <span class='ocrx_word' id='word_1_156' title='bbox 648 1302 744 1350; x_wconf 90' lang='lat' dir='ltr'>loco</span> <span class='ocrx_word' id='word_1_157' title='bbox 768 1306 875 1349; x_wconf 87' lang='lat' dir='ltr'>varia</span> <span class='ocrx_word' id='word_1_158' title='bbox 905 1307 1079 1351; x_wconf 58' lang='lat' dir='ltr'>Amoris&gt;</span> <span class='ocrx_word' id='word_1_159' title='bbox 1099 1304 1383 1362; x_wconf 86' lang='lat' dir='ltr'>incommoda,</span> <span class='ocrx_word' id='word_1_160' title='bbox 1412 1319 1519 1366; x_wconf 84' lang='lat' dir='ltr'>quae</span> <span class='ocrx_word' id='word_1_161' title='bbox 1548 1320 1686 1355; x_wconf 87' lang='lat' dir='ltr'>autem</span> 
     </span>
     <span class='ocr_line' id='line_1_20' title="bbox 232 1366 1685 1427; baseline 0.001 -12"><span class='ocrx_word' id='word_1_162' title='bbox 232 1367 512 1427; x_wconf 72' lang='lat' dir='ltr'>sipgula-non</span> <span class='ocrx_word' id='word_1_163' title='bbox 553 1369 674 1410; x_wconf 88' lang='lat' dir='ltr'>nimis</span> <span class='ocrx_word' id='word_1_164' title='bbox 715 1366 891 1423; x_wconf 82' lang='lat' dir='ltr'>vrgenda</span> <span class='ocrx_word' id='word_1_165' title='bbox 921 1378 1037 1419; x_wconf 88' lang='lat' dir='ltr'>sunt,</span> <span class='ocrx_word' id='word_1_166' title='bbox 1076 1367 1146 1410; x_wconf 90' lang='lat' dir='ltr'>sed</span> <span class='ocrx_word' id='word_1_167' title='bbox 1174 1370 1310 1424; x_wconf 88' lang='lat' dir='ltr'>potius</span> <span class='ocrx_word' id='word_1_168' title='bbox 1340 1379 1498 1412; x_wconf 87' lang='lat' dir='ltr'>tantum</span> <span class='ocrx_word' id='word_1_169' title='bbox 1527 1373 1571 1413; x_wconf 86' lang='lat' dir='ltr'>in</span> <span class='ocrx_word' id='word_1_170' title='bbox 1602 1375 1685 1416; x_wconf 89' lang='lat' dir='ltr'>vni-</span> 
     </span>
     <span class='ocr_line' id='line_1_21' title="bbox 231 1428 1685 1489; baseline 0.001 -11"><span class='ocrx_word' id='word_1_171' title='bbox 231 1445 397 1478; x_wconf 86' lang='lat' dir='ltr'>versum</span> <span class='ocrx_word' id='word_1_172' title='bbox 432 1428 628 1483; x_wconf 80' lang='lat' dir='ltr'>indicant,</span> <span class='ocrx_word' id='word_1_173' title='bbox 667 1432 866 1473; x_wconf 87' lang='lat' dir='ltr'>Amorem</span> <span class='ocrx_word' id='word_1_174' title='bbox 896 1430 1042 1487; x_wconf 80' lang='lat' dir='ltr'>partim</span> <span class='ocrx_word' id='word_1_175' title='bbox 1071 1431 1142 1483; x_wconf 91' lang='lat' dir='ltr'>iis,</span> <span class='ocrx_word' id='word_1_176' title='bbox 1173 1443 1279 1489; x_wconf 89' lang='lat' dir='ltr'>quae</span> <span class='ocrx_word' id='word_1_177' title='bbox 1308 1428 1472 1488; x_wconf 85' lang='lat' dir='ltr'>pulchra</span> <span class='ocrx_word' id='word_1_178' title='bbox 1504 1443 1546 1476; x_wconf 91' lang='lat' dir='ltr'>et</span> <span class='ocrx_word' id='word_1_179' title='bbox 1576 1430 1685 1479; x_wconf 76' lang='lat' dir='ltr'>bona</span> 
     </span>
     <span class='ocr_line' id='line_1_22' title="bbox 233 1491 1686 1550; baseline -0.001 -9"><span class='ocrx_word' id='word_1_180' title='bbox 233 1506 350 1549; x_wconf 81' lang='lat' dir='ltr'>sunt,</span> <span class='ocrx_word' id='word_1_181' title='bbox 386 1507 544 1545; x_wconf 71' lang='lat' dir='ltr'>oerere,</span> <span class='ocrx_word' id='word_1_182' title='bbox 578 1495 724 1550; x_wconf 83' lang='lat' dir='ltr'>partim</span> <span class='ocrx_word' id='word_1_183' title='bbox 761 1494 887 1535; x_wconf 80' lang='lat' dir='ltr'>etiam</span> <span class='ocrx_word' id='word_1_184' title='bbox 916 1494 972 1534; x_wconf 85' lang='lat' dir='ltr'>ita</span> <span class='ocrx_word' id='word_1_185' title='bbox 1001 1491 1309 1544; x_wconf 85' lang='lat' dir='ltr'>vehementem,</span> <span class='ocrx_word' id='word_1_186' title='bbox 1347 1495 1402 1536; x_wconf 81' lang='lat' dir='ltr'>ita</span> <span class='ocrx_word' id='word_1_187' title='bbox 1433 1507 1686 1544; x_wconf 83' lang='lat' dir='ltr'>constantem</span> 
     </span>
     <span class='ocr_line' id='line_1_23' title="bbox 232 1552 1688 1612; baseline 0.001 -10"><span class='ocrx_word' id='word_1_188' title='bbox 232 1571 341 1609; x_wconf 86' lang='lat' dir='ltr'>esse,</span> <span class='ocrx_word' id='word_1_189' title='bbox 371 1568 415 1600; x_wconf 91' lang='lat' dir='ltr'>vt</span> <span class='ocrx_word' id='word_1_190' title='bbox 450 1552 569 1599; x_wconf 89' lang='lat' dir='ltr'>nullo</span> <span class='ocrx_word' id='word_1_191' title='bbox 607 1552 879 1608; x_wconf 87' lang='lat' dir='ltr'>incommodo</span> <span class='ocrx_word' id='word_1_192' title='bbox 907 1568 930 1599; x_wconf 89' lang='lat' dir='ltr'>a</span> <span class='ocrx_word' id='word_1_193' title='bbox 961 1552 1123 1612; x_wconf 11' lang='lat' dir='ltr'>pulchri?</span> <span class='ocrx_word' id='word_1_194' title='bbox 1147 1565 1189 1598; x_wconf 91' lang='lat' dir='ltr'>et</span> <span class='ocrx_word' id='word_1_195' title='bbox 1219 1552 1318 1599; x_wconf 89' lang='lat' dir='ltr'>boni</span> <span class='ocrx_word' id='word_1_196' title='bbox 1347 1554 1484 1600; x_wconf 88' lang='lat' dir='ltr'>studio</span> <span class='ocrx_word' id='word_1_197' title='bbox 1515 1557 1688 1604; x_wconf 88' lang='lat' dir='ltr'>deterre·</span> 
     </span>
     <span class='ocr_line' id='line_1_24' title="bbox 233 1615 1687 1674; baseline 0.002 -10"><span class='ocrx_word' id='word_1_198' title='bbox 233 1630 344 1672; x_wconf 85' lang='lat' dir='ltr'>atur,</span> <span class='ocrx_word' id='word_1_199' title='bbox 381 1617 451 1661; x_wconf 85' lang='lat' dir='ltr'>sed</span> <span class='ocrx_word' id='word_1_200' title='bbox 479 1619 623 1674; x_wconf 81' lang='lat' dir='ltr'>potius</span> <span class='ocrx_word' id='word_1_201' title='bbox 665 1618 781 1659; x_wconf 88' lang='lat' dir='ltr'>omni</span> <span class='ocrx_word' id='word_1_202' title='bbox 820 1619 1043 1660; x_wconf 86' lang='lat' dir='ltr'>constantia</span> <span class='ocrx_word' id='word_1_203' title='bbox 1073 1618 1212 1659; x_wconf 85' lang='lat' dir='ltr'>omnia</span> <span class='ocrx_word' id='word_1_204' title='bbox 1243 1615 1546 1674; x_wconf 80' lang='lat' dir='ltr'>impedimenta.</span> <span class='ocrx_word' id='word_1_205' title='bbox 1563 1619 1687 1667; x_wconf 87' lang='lat' dir='ltr'>obuia</span> 
     </span>
     <span class='ocr_line' id='line_1_25' title="bbox 232 1675 1687 1745; baseline 0.003 -22"><span class='ocrx_word' id='word_1_206' title='bbox 232 1692 414 1740; x_wconf 83' lang='lat' dir='ltr'>superet,</span> <span class='ocrx_word' id='word_1_207' title='bbox 450 1692 535 1738; x_wconf 90' lang='lat' dir='ltr'>quo</span> <span class='ocrx_word' id='word_1_208' title='bbox 565 1676 729 1722; x_wconf 82' lang='lat' dir='ltr'>tandem</span> <span class='ocrx_word' id='word_1_209' title='bbox 761 1675 936 1735; x_wconf 89' lang='lat' dir='ltr'>pulchro</span> <span class='ocrx_word' id='word_1_210' title='bbox 968 1689 1010 1721; x_wconf 87' lang='lat' dir='ltr'>ct</span> <span class='ocrx_word' id='word_1_211' title='bbox 1039 1676 1151 1722; x_wconf 92' lang='lat' dir='ltr'>bono</span> <span class='ocrx_word' id='word_1_212' title='bbox 1183 1680 1374 1736; x_wconf 83' lang='lat' dir='ltr'>potiatur.</span> <span class='ocrx_word' id='word_1_213' title='bbox 1437 1683 1687 1745; x_wconf 71' lang='lat' dir='ltr'>Quanquam</span> 
     </span>
     <span class='ocr_line' id='line_1_26' title="bbox 233 1738 1687 1798; baseline 0.001 -9"><span class='ocrx_word' id='word_1_214' title='bbox 233 1747 344 1789; x_wconf 86' lang='lat' dir='ltr'>enim</span> <span class='ocrx_word' id='word_1_215' title='bbox 374 1756 458 1787; x_wconf 91' lang='lat' dir='ltr'>non</span> <span class='ocrx_word' id='word_1_216' title='bbox 489 1742 744 1798; x_wconf 81' lang='lat' dir='ltr'>negauerim,</span> <span class='ocrx_word' id='word_1_217' title='bbox 783 1742 936 1784; x_wconf 86' lang='lat' dir='ltr'>Socrati</span> <span class='ocrx_word' id='word_1_218' title='bbox 976 1738 1142 1784; x_wconf 84' lang='lat' dir='ltr'>dicenti:</span> <span class='ocrx_word' id='word_1_219' title='bbox 1183 1744 1384 1786; x_wconf 83' lang='lat' dir='ltr'>Amorem</span> <span class='ocrx_word' id='word_1_220' title='bbox 1422 1742 1472 1787; x_wconf 84' lang='lat' dir='ltr'>ad</span> <span class='ocrx_word' id='word_1_221' title='bbox 1503 1744 1610 1789; x_wconf 74' lang='lat' dir='ltr'>fores</span> <span class='ocrx_word' id='word_1_222' title='bbox 1640 1749 1687 1792; x_wconf 83' lang='lat' dir='ltr'>in</span> 
     </span>
     <span class='ocr_line' id='line_1_27' title="bbox 232 1802 1686 1864; baseline 0.001 -12"><span class='ocrx_word' id='word_1_223' title='bbox 232 1810 299 1852; x_wconf 85' lang='lat' dir='ltr'>via</span> <span class='ocrx_word' id='word_1_224' title='bbox 335 1804 412 1851; x_wconf 89' lang='lat' dir='ltr'>sub</span> <span class='ocrx_word' id='word_1_225' title='bbox 449 1802 520 1849; x_wconf 86' lang='lat' dir='ltr'>dio</span> <span class='ocrx_word' id='word_1_226' title='bbox 557 1806 707 1857; x_wconf 82' lang='lat' dir='ltr'>iacere,</span> <span class='ocrx_word' id='word_1_227' title='bbox 747 1802 1014 1848; x_wconf 78' lang='lat' dir='ltr'>obuersatum</span> <span class='ocrx_word' id='word_1_228' title='bbox 1052 1818 1140 1849; x_wconf 82' lang='lat' dir='ltr'>esse</span> <span class='ocrx_word' id='word_1_229' title='bbox 1170 1803 1410 1864; x_wconf 86' lang='lat' dir='ltr'>exemplum</span> <span class='ocrx_word' id='word_1_230' title='bbox 1445 1820 1686 1863; x_wconf 85' lang='lat' dir='ltr'>amatorum,</span> 
     </span>
     <span class='ocr_line' id='line_1_28' title="bbox 232 1866 1685 1930; baseline 0.002 -16"><span class='ocrx_word' id='word_1_231' title='bbox 232 1872 304 1930; x_wconf 87' lang='lat' dir='ltr'>qui</span> <span class='ocrx_word' id='word_1_232' title='bbox 334 1884 357 1912; x_wconf 81' lang='lat' dir='ltr'>a</span> <span class='ocrx_word' id='word_1_233' title='bbox 388 1870 518 1926; x_wconf 77' lang='lat' dir='ltr'>poetis</span> <span class='ocrx_word' id='word_1_234' title='bbox 549 1879 668 1924; x_wconf 82' lang='lat' dir='ltr'>saepe</span> <span class='ocrx_word' id='word_1_235' title='bbox 698 1869 756 1911; x_wconf 90' lang='lat' dir='ltr'>sic</span> <span class='ocrx_word' id='word_1_236' title='bbox 788 1866 1062 1924; x_wconf 85' lang='lat' dir='ltr'>depinguntur</span> <span class='ocrx_word' id='word_1_237' title='bbox 1095 1878 1191 1925; x_wconf 85' lang='lat'>13.:</span> <span class='ocrx_word' id='word_1_238' title='bbox 1218 1879 1355 1916; x_wconf 76' lang='lat' dir='ltr'>tamen</span> <span class='ocrx_word' id='word_1_239' title='bbox 1374 1871 1417 1917; x_wconf 82' lang='lat' dir='ltr'>in</span> <span class='ocrx_word' id='word_1_240' title='bbox 1434 1868 1685 1917; x_wconf 81' lang='lat' dir='ltr'>‘vniuersum</span> 
     </span>
     <span class='ocr_line' id='line_1_29' title="bbox 841 1932 1623 1983; baseline -0.003 0"><span class='ocrx_word' id='word_1_241' title='bbox 841 1957 863 1983; x_wconf 70' lang='lat' dir='ltr'>&gt;k</span> <span class='ocrx_word' id='word_1_242' title='bbox 888 1958 911 1983; x_wconf 70' lang='grc' dir='ltr'>ιιι</span> <span class='ocrx_word' id='word_1_243' title='bbox 1569 1932 1623 1977; x_wconf 73' lang='lat' dir='ltr'>de</span> 
     </span>
    </p>
   </div>
   <div class='ocr_carea' id='block_1_3' title="bbox 280 2053 851 2187">
    <p class='ocr_par' dir='ltr' id='par_1_3' title="bbox 280 2053 851 2187">
     <span class='ocr_line' id='line_1_30' title="bbox 284 2053 610 2097; baseline -0.012 -7"><span class='ocrx_word' id='word_1_244' title='bbox 284 2066 330 2091; x_wconf 77' lang='lat' dir='ltr'>n.</span> <span class='ocrx_word' id='word_1_245' title='bbox 350 2053 424 2088; x_wconf 82' lang='lat' dir='ltr'><strong>Vid.</strong></span> <span class='ocrx_word' id='word_1_246' title='bbox 448 2065 474 2088; x_wconf 83' lang='lat' dir='ltr'>c.</span> <span class='ocrx_word' id='word_1_247' title='bbox 498 2061 553 2097; x_wconf 83' lang='lat'>23,</span> <span class='ocrx_word' id='word_1_248' title='bbox 577 2062 610 2095; x_wconf 85' lang='lat'>¹7.</span> 
     </span>
     <span class='ocr_line' id='line_1_31' title="bbox 280 2141 851 2187; baseline -0.014 -5"><span class='ocrx_word' id='word_1_249' title='bbox 280 2154 332 2187; x_wconf 74' lang='lat'>¹3.</span> <span class='ocrx_word' id='word_1_250' title='bbox 353 2143 428 2181; x_wconf 75' lang='lat' dir='ltr'>vid.</span> <span class='ocrx_word' id='word_1_251' title='bbox 451 2142 563 2182; x_wconf 73' lang='lat' dir='ltr'>Wolffi</span> <span class='ocrx_word' id='word_1_252' title='bbox 584 2150 653 2178; x_wconf 73' lang='lat' dir='ltr'>nor.</span> <span class='ocrx_word' id='word_1_253' title='bbox 677 2141 717 2176; x_wconf 76' lang='lat' dir='ltr'>ad</span> <span class='ocrx_word' id='word_1_254' title='bbox 735 2153 794 2182; x_wconf 61' lang='grc' dir='ltr'>ιο,</span> <span class='ocrx_word' id='word_1_255' title='bbox 819 2155 851 2181; x_wconf 75' lang='lat'>2,</span> 
     </span>
    </p>
   </div>
  </div>
 </body>
</html>
