<?xml version="1.0" encoding="UTF-8"?>
<!DOCTYPE html PUBLIC "-//W3C//DTD XHTML 1.0 Transitional//EN"
    "http://www.w3.org/TR/xhtml1/DTD/xhtml1-transitional.dtd">
<html xmlns="http://www.w3.org/1999/xhtml" xml:lang="en" lang="en">
 <head>
  <title>
</title>
<meta http-equiv="Content-Type" content="text/html;charset=utf-8" />
  <meta name='ocr-system' content='tesseract 3.04.00' />
  <meta name='ocr-capabilities' content='ocr_page ocr_carea ocr_par ocr_line ocrx_word'/>
</head>
<body>
  <div class='ocr_page' id='page_1' title='image "4625106_0019.png"; bbox 0 0 1943 2400; ppageno 0'>
   <div class='ocr_carea' id='block_1_1' title="bbox 1586 146 1638 190">
    <p class='ocr_par' dir='ltr' id='par_1_1' title="bbox 1586 146 1638 190">
     <span class='ocr_line' id='line_1_1' title="bbox 1586 146 1638 190; baseline 0 0"><span class='ocrx_word' id='word_1_1' title='bbox 1586 146 1638 190; x_wconf 80' lang='lat'>13</span> 
     </span>
    </p>
   </div>
   <div class='ocr_carea' id='block_1_2' title="bbox 232 245 1707 624">
    <p class='ocr_par' dir='ltr' id='par_1_2' title="bbox 232 245 1707 624">
     <span class='ocr_line' id='line_1_2' title="bbox 232 245 1707 314; baseline -0.003 -14"><span class='ocrx_word' id='word_1_2' title='bbox 232 251 352 300; x_wconf 54' lang='lat' dir='ltr'>‘facili</span> <span class='ocrx_word' id='word_1_3' title='bbox 385 266 508 314; x_wconf 78' lang='lat' dir='ltr'>opera</span> <span class='ocrx_word' id='word_1_4' title='bbox 540 255 678 299; x_wconf 78' lang='lat' dir='ltr'>omnia</span> <span class='ocrx_word' id='word_1_5' title='bbox 705 266 751 298; x_wconf 80' lang='lat' dir='ltr'>ea</span> <span class='ocrx_word' id='word_1_6' title='bbox 775 260 1127 312; x_wconf 84' lang='lat' dir='ltr'>superstruuntur‚</span> <span class='ocrx_word' id='word_1_7' title='bbox 1157 245 1264 314; x_wconf 80' lang='lat' dir='ltr'>quae</span> <span class='ocrx_word' id='word_1_8' title='bbox 1284 250 1334 295; x_wconf 85' lang='lat' dir='ltr'>ad</span> <span class='ocrx_word' id='word_1_9' title='bbox 1356 247 1556 296; x_wconf 81' lang='lat' dir='ltr'>ambitum</span> <span class='ocrx_word' id='word_1_10' title='bbox 1580 249 1707 310; x_wconf 84' lang='lat' dir='ltr'>impe-</span> 
     </span>
     <span class='ocr_line' id='line_1_3' title="bbox 246 312 1707 372; baseline -0.002 -12"><span class='ocrx_word' id='word_1_11' title='bbox 246 321 294 360; x_wconf 89' lang='lat' dir='ltr'>rii</span> <span class='ocrx_word' id='word_1_12' title='bbox 315 320 483 360; x_wconf 86' lang='lat' dir='ltr'>Amoris</span> <span class='ocrx_word' id='word_1_13' title='bbox 504 315 784 360; x_wconf 85' lang='lat' dir='ltr'>illustrandum</span> <span class='ocrx_word' id='word_1_14' title='bbox 812 316 1091 372; x_wconf 87' lang='lat' dir='ltr'>proferuntur,</span> <span class='ocrx_word' id='word_1_15' title='bbox 1123 317 1177 358; x_wconf 85' lang='lat' dir='ltr'>ita</span> <span class='ocrx_word' id='word_1_16' title='bbox 1207 314 1374 370; x_wconf 80' lang='lat' dir='ltr'>mythus</span> <span class='ocrx_word' id='word_1_17' title='bbox 1401 316 1571 358; x_wconf 88' lang='lat' dir='ltr'>Socratis</span> <span class='ocrx_word' id='word_1_18' title='bbox 1603 312 1707 357; x_wconf 88' lang='lat' dir='ltr'>mul·</span> 
     </span>
     <span class='ocr_line' id='line_1_4' title="bbox 246 374 1705 437; baseline -0.003 -14"><span class='ocrx_word' id='word_1_19' title='bbox 246 389 291 424; x_wconf 89' lang='lat' dir='ltr'>to</span> <span class='ocrx_word' id='word_1_20' title='bbox 325 377 580 423; x_wconf 82' lang='lat' dir='ltr'>artificiosius</span> <span class='ocrx_word' id='word_1_21' title='bbox 610 389 654 423; x_wconf 90' lang='lat' dir='ltr'>et</span> <span class='ocrx_word' id='word_1_22' title='bbox 684 376 854 437; x_wconf 87' lang='lat' dir='ltr'>quidem</span> <span class='ocrx_word' id='word_1_23' title='bbox 885 378 939 421; x_wconf 76' lang='lat' dir='ltr'>ita</span> <span class='ocrx_word' id='word_1_24' title='bbox 972 389 1032 421; x_wconf 91' lang='lat' dir='ltr'>est</span> <span class='ocrx_word' id='word_1_25' title='bbox 1062 374 1285 429; x_wconf 65' lang='lat' dir='ltr'>confifius,</span> <span class='ocrx_word' id='word_1_26' title='bbox 1317 387 1360 420; x_wconf 95' lang='lat' dir='ltr'>vt</span> <span class='ocrx_word' id='word_1_27' title='bbox 1383 378 1524 433; x_wconf 83' lang='lat' dir='ltr'>partim</span> <span class='ocrx_word' id='word_1_28' title='bbox 1550 378 1705 420; x_wconf 77' lang='lat' dir='ltr'>interna</span> 
     </span>
     <span class='ocr_line' id='line_1_5' title="bbox 245 440 1705 496; baseline -0.001 -12"><span class='ocrx_word' id='word_1_29' title='bbox 245 444 397 485; x_wconf 78' lang='lat' dir='ltr'>amoris</span> <span class='ocrx_word' id='word_1_30' title='bbox 430 444 534 486; x_wconf 80' lang='lat' dir='ltr'>ratio</span> <span class='ocrx_word' id='word_1_31' title='bbox 563 455 656 484; x_wconf 84' lang='lat' dir='ltr'>vere</span> <span class='ocrx_word' id='word_1_32' title='bbox 688 443 741 483; x_wconf 91' lang='lat' dir='ltr'>sit</span> <span class='ocrx_word' id='word_1_33' title='bbox 770 453 973 496; x_wconf 81' lang='lat' dir='ltr'>expressa,</span> <span class='ocrx_word' id='word_1_34' title='bbox 1003 443 1150 496; x_wconf 86' lang='lat' dir='ltr'>partim</span> <span class='ocrx_word' id='word_1_35' title='bbox 1180 442 1304 483; x_wconf 86' lang='lat' dir='ltr'>etiam</span> <span class='ocrx_word' id='word_1_36' title='bbox 1334 440 1473 483; x_wconf 84' lang='lat' dir='ltr'>omnia</span> <span class='ocrx_word' id='word_1_37' title='bbox 1506 452 1571 490; x_wconf 86' lang='lat' dir='ltr'>ea,</span> <span class='ocrx_word' id='word_1_38' title='bbox 1600 452 1705 496; x_wconf 79' lang='lat' dir='ltr'>quae</span> 
     </span>
     <span class='ocr_line' id='line_1_6' title="bbox 245 497 1705 561; baseline -0.001 -15"><span class='ocrx_word' id='word_1_39' title='bbox 245 504 289 547; x_wconf 87' lang='lat' dir='ltr'>in</span> <span class='ocrx_word' id='word_1_40' title='bbox 317 504 501 547; x_wconf 82' lang='lat' dir='ltr'>oratione</span> <span class='ocrx_word' id='word_1_41' title='bbox 535 504 706 548; x_wconf 76' lang='lat' dir='ltr'>Socratis</span> <span class='ocrx_word' id='word_1_42' title='bbox 736 499 786 545; x_wconf 87' lang='lat' dir='ltr'>de</span> <span class='ocrx_word' id='word_1_43' title='bbox 813 513 960 559; x_wconf 33' lang='lat' dir='ltr'>‚amore</span> <span class='ocrx_word' id='word_1_44' title='bbox 1002 500 1297 561; x_wconf 80' lang='lat' dir='ltr'>praedicantur,</span> <span class='ocrx_word' id='word_1_45' title='bbox 1337 499 1441 559; x_wconf 75' lang='lat' dir='ltr'>[inde</span> <span class='ocrx_word' id='word_1_46' title='bbox 1467 497 1580 546; x_wconf 79' lang='lat' dir='ltr'>facile</span> <span class='ocrx_word' id='word_1_47' title='bbox 1606 498 1705 545; x_wconf 87' lang='lat' dir='ltr'>deri·</span> 
     </span>
     <span class='ocr_line' id='line_1_7' title="bbox 246 577 530 624; baseline 0.004 -15"><span class='ocrx_word' id='word_1_48' title='bbox 246 580 330 610; x_wconf 82' lang='lat' dir='ltr'>van</span> <span class='ocrx_word' id='word_1_49' title='bbox 360 577 530 624; x_wconf 75' lang='lat' dir='ltr'>possint.</span> 
     </span>
    </p>
   </div>
   <div class='ocr_carea' id='block_1_3' title="bbox 246 686 1709 1060">
    <p class='ocr_par' dir='ltr' id='par_1_3' title="bbox 246 686 1709 1060">
     <span class='ocr_line' id='line_1_8' title="bbox 407 686 1706 750; baseline -0.002 -16"><span class='ocrx_word' id='word_1_50' title='bbox 407 689 472 734; x_wconf 85' lang='lat' dir='ltr'>Ad</span> <span class='ocrx_word' id='word_1_51' title='bbox 510 688 692 735; x_wconf 80' lang='lat' dir='ltr'>vltimam</span> <span class='ocrx_word' id='word_1_52' title='bbox 718 704 827 735; x_wconf 90' lang='lat' dir='ltr'>nunc</span> <span class='ocrx_word' id='word_1_53' title='bbox 856 691 1101 750; x_wconf 82' lang='lat' dir='ltr'><strong>quaestionis</strong></span> <span class='ocrx_word' id='word_1_54' title='bbox 1126 701 1281 748; x_wconf 82' lang='lat' dir='ltr'>partem</span> <span class='ocrx_word' id='word_1_55' title='bbox 1304 688 1593 734; x_wconf 83' lang='lat' dir='ltr'>transeundum</span> <span class='ocrx_word' id='word_1_56' title='bbox 1601 686 1614 742; x_wconf 59' lang='lat' dir='ltr'><strong>j</strong></span> <span class='ocrx_word' id='word_1_57' title='bbox 1652 699 1706 732; x_wconf 73' lang='lat' dir='ltr'>nt-</span> 
     </span>
     <span class='ocr_line' id='line_1_9' title="bbox 246 751 1706 814; baseline -0.001 -17"><span class='ocrx_word' id='word_1_58' title='bbox 246 767 326 813; x_wconf 87' lang='lat' dir='ltr'>que</span> <span class='ocrx_word' id='word_1_59' title='bbox 355 751 457 798; x_wconf 78' lang='lat' dir='ltr'>adeo</span> <span class='ocrx_word' id='word_1_60' title='bbox 489 752 767 814; x_wconf 82' lang='lat' dir='ltr'>quaerendum</span> <span class='ocrx_word' id='word_1_61' title='bbox 787 765 878 808; x_wconf 82' lang='lat' dir='ltr'>est,</span> <span class='ocrx_word' id='word_1_62' title='bbox 910 767 963 797; x_wconf 86' lang='lat' dir='ltr'>ex</span> <span class='ocrx_word' id='word_1_63' title='bbox 985 767 1068 812; x_wconf 92' lang='lat' dir='ltr'>quo</span> <span class='ocrx_word' id='word_1_64' title='bbox 1092 753 1214 798; x_wconf 79' lang='lat' dir='ltr'>fonte.</span> <span class='ocrx_word' id='word_1_65' title='bbox 1229 753 1395 810; x_wconf 89' lang='lat' dir='ltr'>mythus</span> <span class='ocrx_word' id='word_1_66' title='bbox 1417 764 1554 796; x_wconf 87' lang='lat' dir='ltr'>noster</span> <span class='ocrx_word' id='word_1_67' title='bbox 1579 752 1706 795; x_wconf 82' lang='lat' dir='ltr'>fluxe-</span> 
     </span>
     <span class='ocr_line' id='line_1_10' title="bbox 246 812 1707 872; baseline -0.002 -13"><span class='ocrx_word' id='word_1_68' title='bbox 246 818 309 859; x_wconf 87' lang='lat' dir='ltr'>rit.</span> <span class='ocrx_word' id='word_1_69' title='bbox 370 817 437 859; x_wconf 90' lang='lat' dir='ltr'>De</span> <span class='ocrx_word' id='word_1_70' title='bbox 472 814 653 860; x_wconf 83' lang='lat' dir='ltr'>fontibus</span> <span class='ocrx_word' id='word_1_71' title='bbox 683 817 916 872; x_wconf 88' lang='lat' dir='ltr'>mythorum</span> <span class='ocrx_word' id='word_1_72' title='bbox 946 813 1250 860; x_wconf 83' lang='lat' dir='ltr'>Platonicorum</span> <span class='ocrx_word' id='word_1_73' title='bbox 1269 818 1402 859; x_wconf 83' lang='lat' dir='ltr'>variae</span> <span class='ocrx_word' id='word_1_74' title='bbox 1430 819 1616 865; x_wconf 82' lang='lat' dir='ltr'>virorum</span> <span class='ocrx_word' id='word_1_75' title='bbox 1637 812 1707 856; x_wconf 84' lang='lat' dir='ltr'>do·</span> 
     </span>
     <span class='ocr_line' id='line_1_11' title="bbox 248 875 1707 936; baseline -0.002 -15"><span class='ocrx_word' id='word_1_76' title='bbox 248 875 409 921; x_wconf 67' lang='lat' dir='ltr'>&amp;orum</span> <span class='ocrx_word' id='word_1_77' title='bbox 430 889 524 920; x_wconf 89' lang='lat' dir='ltr'>sunt</span> <span class='ocrx_word' id='word_1_78' title='bbox 549 880 768 921; x_wconf 82' lang='lat' dir='ltr'>sententiae</span> <span class='ocrx_word' id='word_1_79' title='bbox 792 890 852 933; x_wconf 71' lang='lat'>,19</span> <span class='ocrx_word' id='word_1_80' title='bbox 860 892 872 929; x_wconf 85' lang='lat'>3</span> <span class='ocrx_word' id='word_1_81' title='bbox 903 877 975 921; x_wconf 88' lang='lat' dir='ltr'>sed</span> <span class='ocrx_word' id='word_1_82' title='bbox 999 891 1130 936; x_wconf 84' lang='lat' dir='ltr'>quum</span> <span class='ocrx_word' id='word_1_83' title='bbox 1150 890 1316 931; x_wconf 88' lang='lat' dir='ltr'>omnes,</span> <span class='ocrx_word' id='word_1_84' title='bbox 1345 890 1424 920; x_wconf 81' lang='lat' dir='ltr'>vna</span> <span class='ocrx_word' id='word_1_85' title='bbox 1447 886 1636 934; x_wconf 82' lang='lat' dir='ltr'>excepta,</span> <span class='ocrx_word' id='word_1_86' title='bbox 1662 876 1707 918; x_wconf 88' lang='lat' dir='ltr'>in</span> 
     </span>
     <span class='ocr_line' id='line_1_12' title="bbox 247 935 1708 995; baseline -0.001 -14"><span class='ocrx_word' id='word_1_87' title='bbox 247 939 357 982; x_wconf 86' lang='lat' dir='ltr'>hunc</span> <span class='ocrx_word' id='word_1_88' title='bbox 394 938 583 995; x_wconf 88' lang='lat' dir='ltr'>mythum</span> <span class='ocrx_word' id='word_1_89' title='bbox 617 938 763 982; x_wconf 83' lang='lat' dir='ltr'>cadere</span> <span class='ocrx_word' id='word_1_90' title='bbox 793 951 877 982; x_wconf 89' lang='lat' dir='ltr'>non</span> <span class='ocrx_word' id='word_1_91' title='bbox 902 937 1129 992; x_wconf 81' lang='lat' dir='ltr'>videantur,</span> <span class='ocrx_word' id='word_1_92' title='bbox 1160 950 1315 982; x_wconf 84' lang='lat' dir='ltr'>tanturn</span> <span class='ocrx_word' id='word_1_93' title='bbox 1335 940 1440 982; x_wconf 85' lang='lat' dir='ltr'>hanc</span> <span class='ocrx_word' id='word_1_94' title='bbox 1463 951 1586 981; x_wconf 85' lang='lat' dir='ltr'>vnam</span> <span class='ocrx_word' id='word_1_95' title='bbox 1608 935 1708 980; x_wconf 89' lang='lat' dir='ltr'>indi-</span> 
     </span>
     <span class='ocr_line' id='line_1_13' title="bbox 247 997 1709 1060; baseline -0.002 -16"><span class='ocrx_word' id='word_1_96' title='bbox 247 999 363 1048; x_wconf 79' lang='lat' dir='ltr'>cabo,</span> <span class='ocrx_word' id='word_1_97' title='bbox 426 999 659 1044; x_wconf 86' lang='lat' dir='ltr'>Secundum</span> <span class='ocrx_word' id='word_1_98' title='bbox 681 997 793 1044; x_wconf 85' lang='lat' dir='ltr'>illam</span> <span class='ocrx_word' id='word_1_99' title='bbox 816 997 1074 1053; x_wconf 83' lang='lat' dir='ltr'>sententiam,</span> <span class='ocrx_word' id='word_1_100' title='bbox 1106 1014 1209 1060; x_wconf 81' lang='lat' dir='ltr'>quae</span> <span class='ocrx_word' id='word_1_101' title='bbox 1232 999 1316 1045; x_wconf 79' lang='lat' dir='ltr'>sola</span> <span class='ocrx_word' id='word_1_102' title='bbox 1340 998 1558 1059; x_wconf 83' lang='lat' dir='ltr'>probabilis</span> <span class='ocrx_word' id='word_1_103' title='bbox 1579 997 1709 1042; x_wconf 85' lang='lat' dir='ltr'>videri</span> 
     </span>
    </p>
   </div>
   <div class='ocr_carea' id='block_1_4' title="bbox 174 1060 1710 1125">
    <p class='ocr_par' dir='ltr' id='par_1_4' title="bbox 174 1060 1710 1125">
     <span class='ocr_line' id='line_1_14' title="bbox 174 1060 1710 1125; baseline -0.001 -20"><span class='ocrx_word' id='word_1_104' title='bbox 174 1113 178 1115; x_wconf 42' lang='grc'><strong>,</strong></span> <span class='ocrx_word' id='word_1_105' title='bbox 197 1112 202 1115; x_wconf 39' lang='grc'>,</span> <span class='ocrx_word' id='word_1_106' title='bbox 246 1064 394 1120; x_wconf 82' lang='lat' dir='ltr'>possit,</span> <span class='ocrx_word' id='word_1_107' title='bbox 425 1063 555 1122; x_wconf 77' lang='lat' dir='ltr'>ruythi</span> <span class='ocrx_word' id='word_1_108' title='bbox 578 1060 756 1107; x_wconf 84' lang='lat' dir='ltr'>Platonis</span> <span class='ocrx_word' id='word_1_109' title='bbox 776 1076 829 1106; x_wconf 83' lang='lat' dir='ltr'>ex</span> <span class='ocrx_word' id='word_1_110' title='bbox 853 1065 1059 1107; x_wconf 85' lang='lat' dir='ltr'>Socratico</span> <span class='ocrx_word' id='word_1_111' title='bbox 1083 1063 1284 1107; x_wconf 89' lang='lat' dir='ltr'>fluxerunt</span> <span class='ocrx_word' id='word_1_112' title='bbox 1307 1063 1433 1107; x_wconf 85' lang='lat' dir='ltr'>fonte.</span> <span class='ocrx_word' id='word_1_113' title='bbox 1479 1064 1600 1125; x_wconf 76' lang='lat' dir='ltr'>Qae</span> <span class='ocrx_word' id='word_1_114' title='bbox 1624 1074 1710 1119; x_wconf 86' lang='lat' dir='ltr'>qm·</span> 
     </span>
    </p>
   </div>
   <div class='ocr_carea' id='block_1_5' title="bbox 209 1120 1714 1869">
    <p class='ocr_par' dir='ltr' id='par_1_5' title="bbox 209 1120 1714 1869">
     <span class='ocr_line' id='line_1_15' title="bbox 248 1120 1712 1183; baseline -0.001 -16"><span class='ocrx_word' id='word_1_115' title='bbox 248 1123 343 1167; x_wconf 86' lang='lat' dir='ltr'>dem</span> <span class='ocrx_word' id='word_1_116' title='bbox 365 1125 560 1167; x_wconf 82' lang='lat' dir='ltr'>sententia</span> <span class='ocrx_word' id='word_1_117' title='bbox 581 1137 692 1168; x_wconf 90' lang='lat' dir='ltr'>nunc</span> <span class='ocrx_word' id='word_1_118' title='bbox 711 1135 925 1183; x_wconf 80' lang='lat' dir='ltr'>propterea</span> <span class='ocrx_word' id='word_1_119' title='bbox 945 1137 1135 1182; x_wconf 79' lang='lat' dir='ltr'>magnam</span> <span class='ocrx_word' id='word_1_120' title='bbox 1157 1127 1242 1169; x_wconf 88' lang='lat' dir='ltr'>veri</span> <span class='ocrx_word' id='word_1_121' title='bbox 1265 1122 1569 1169; x_wconf 76' lang='lat' dir='ltr'>simiiitudinem</span> <span class='ocrx_word' id='word_1_122' title='bbox 1593 1120 1712 1165; x_wconf 81' lang='lat' dir='ltr'>habe-</span> 
     </span>
     <span class='ocr_line' id='line_1_16' title="bbox 246 1185 1709 1244; baseline -0.002 -14"><span class='ocrx_word' id='word_1_123' title='bbox 246 1200 293 1230; x_wconf 88' lang='lat' dir='ltr'>re</span> <span class='ocrx_word' id='word_1_124' title='bbox 321 1197 474 1243; x_wconf 90' lang='lat' dir='ltr'>potest,</span> <span class='ocrx_word' id='word_1_125' title='bbox 504 1185 614 1244; x_wconf 86' lang='lat' dir='ltr'>quod</span> <span class='ocrx_word' id='word_1_126' title='bbox 647 1189 792 1244; x_wconf 82' lang='lat' dir='ltr'>partim</span> <span class='ocrx_word' id='word_1_127' title='bbox 820 1189 896 1243; x_wconf 89' lang='lat' dir='ltr'>ipsi</span> <span class='ocrx_word' id='word_1_128' title='bbox 930 1189 1081 1230; x_wconf 82' lang='lat' dir='ltr'>Socrati</span> <span class='ocrx_word' id='word_1_129' title='bbox 1102 1185 1308 1238; x_wconf 83' lang='lat' dir='ltr'>tribuitur,</span> <span class='ocrx_word' id='word_1_130' title='bbox 1338 1189 1484 1244; x_wconf 79' lang='lat' dir='ltr'>partim</span> <span class='ocrx_word' id='word_1_131' title='bbox 1506 1187 1629 1228; x_wconf 77' lang='lat' dir='ltr'>etiam</span> <span class='ocrx_word' id='word_1_132' title='bbox 1651 1198 1709 1227; x_wconf 87' lang='lat' dir='ltr'>ar·</span> 
     </span>
     <span class='ocr_line' id='line_1_17' title="bbox 246 1245 1709 1304; baseline -0.001 -13"><span class='ocrx_word' id='word_1_133' title='bbox 246 1258 493 1304; x_wconf 84' lang='lat' dir='ltr'>gumentum</span> <span class='ocrx_word' id='word_1_134' title='bbox 520 1250 607 1291; x_wconf 91' lang='lat' dir='ltr'>eius</span> <span class='ocrx_word' id='word_1_135' title='bbox 638 1246 975 1304; x_wconf 81' lang='lat' dir='ltr'>philosophicum</span> <span class='ocrx_word' id='word_1_136' title='bbox 993 1250 1160 1303; x_wconf 83' lang='lat' dir='ltr'>ingenio</span> <span class='ocrx_word' id='word_1_137' title='bbox 1183 1251 1356 1291; x_wconf 81' lang='lat' dir='ltr'>Socratis</span> <span class='ocrx_word' id='word_1_138' title='bbox 1377 1245 1709 1290; x_wconf 80' lang='lat' dir='ltr'>accommodatis-</span> 
     </span>
     <span class='ocr_line' id='line_1_18' title="bbox 247 1306 1709 1368; baseline -0.001 -14"><span class='ocrx_word' id='word_1_139' title='bbox 247 1312 398 1354; x_wconf 89' lang='lat' dir='ltr'>simum</span> <span class='ocrx_word' id='word_1_140' title='bbox 432 1319 505 1356; x_wconf 80' lang='lat' dir='ltr'>est.</span> <span class='ocrx_word' id='word_1_141' title='bbox 568 1307 728 1353; x_wconf 87' lang='lat' dir='ltr'>Adsunt</span> <span class='ocrx_word' id='word_1_142' title='bbox 757 1311 884 1365; x_wconf 87' lang='lat' dir='ltr'>igitur</span> <span class='ocrx_word' id='word_1_143' title='bbox 903 1311 1073 1362; x_wconf 87' lang='lat' dir='ltr'>omnia,</span> <span class='ocrx_word' id='word_1_144' title='bbox 1105 1322 1210 1368; x_wconf 84' lang='lat' dir='ltr'>quae</span> <span class='ocrx_word' id='word_1_145' title='bbox 1241 1312 1463 1353; x_wconf 82' lang='lat' dir='ltr'>sententiae</span> <span class='ocrx_word' id='word_1_146' title='bbox 1483 1306 1545 1353; x_wconf 83' lang='lat' dir='ltr'>illi</span> <span class='ocrx_word' id='word_1_147' title='bbox 1569 1309 1709 1354; x_wconf 84' lang='lat' dir='ltr'>fauere</span> 
     </span>
     <span class='ocr_line' id='line_1_19' title="bbox 246 1369 1711 1430; baseline -0.002 -14"><span class='ocrx_word' id='word_1_148' title='bbox 246 1374 423 1430; x_wconf 85' lang='lat' dir='ltr'>possint,</span> <span class='ocrx_word' id='word_1_149' title='bbox 456 1382 497 1414; x_wconf 90' lang='lat' dir='ltr'>et</span> <span class='ocrx_word' id='word_1_150' title='bbox 525 1380 661 1414; x_wconf 82' lang='lat' dir='ltr'>tamen</span> <span class='ocrx_word' id='word_1_151' title='bbox 682 1371 998 1427; x_wconf 84' lang='lat' dir='ltr'>mythurn-hunc</span> <span class='ocrx_word' id='word_1_152' title='bbox 1024 1372 1196 1413; x_wconf 75' lang='lat' dir='ltr'>Socratis</span> <span class='ocrx_word' id='word_1_153' title='bbox 1219 1373 1390 1426; x_wconf 87' lang='lat' dir='ltr'>ingenio</span> <span class='ocrx_word' id='word_1_154' title='bbox 1414 1370 1537 1414; x_wconf 87' lang='lat' dir='ltr'>tribui</span> <span class='ocrx_word' id='word_1_155' title='bbox 1563 1369 1711 1415; x_wconf 89' lang='lat' dir='ltr'>nolue-</span> 
     </span>
     <span class='ocr_line' id='line_1_20' title="bbox 247 1430 1711 1491; baseline -0.001 -13"><span class='ocrx_word' id='word_1_156' title='bbox 247 1437 340 1482; x_wconf 86' lang='lat' dir='ltr'>rim.</span> <span class='ocrx_word' id='word_1_157' title='bbox 413 1435 526 1479; x_wconf 71' lang='lat' dir='ltr'>,Nam</span> <span class='ocrx_word' id='word_1_158' title='bbox 573 1434 754 1491; x_wconf 84' lang='lat' dir='ltr'>primum</span> <span class='ocrx_word' id='word_1_159' title='bbox 786 1433 880 1477; x_wconf 67' lang='lat' dir='ltr'>‘non</span> <span class='ocrx_word' id='word_1_160' title='bbox 913 1430 1103 1476; x_wconf 78' lang='lat' dir='ltr'>cre‘dibiie</span> <span class='ocrx_word' id='word_1_161' title='bbox 1135 1444 1219 1484; x_wconf 90' lang='lat' dir='ltr'>est,</span> <span class='ocrx_word' id='word_1_162' title='bbox 1250 1434 1459 1477; x_wconf 77' lang='lat' dir='ltr'>Socratem</span> <span class='ocrx_word' id='word_1_163' title='bbox 1491 1449 1514 1477; x_wconf 88' lang='lat' dir='ltr'><strong>a</strong></span> <span class='ocrx_word' id='word_1_164' title='bbox 1544 1431 1711 1477; x_wconf 76' lang='lat' dir='ltr'>Platone</span> 
     </span>
     <span class='ocr_line' id='line_1_21' title="bbox 209 1494 1711 1555; baseline -0.001 -14"><span class='ocrx_word' id='word_1_165' title='bbox 209 1496 211 1498; x_wconf 68' lang='grc'><strong><em>’</em></strong></span> <span class='ocrx_word' id='word_1_166' title='bbox 247 1500 408 1541; x_wconf 87' lang='lat' dir='ltr'>iussum</span> <span class='ocrx_word' id='word_1_167' title='bbox 437 1509 527 1540; x_wconf 80' lang='lat' dir='ltr'>esse</span> <span class='ocrx_word' id='word_1_168' title='bbox 559 1496 748 1551; x_wconf 87' lang='lat' dir='ltr'>mythum</span> <span class='ocrx_word' id='word_1_169' title='bbox 775 1508 885 1538; x_wconf 87' lang='lat' dir='ltr'>nunc</span> <span class='ocrx_word' id='word_1_170' title='bbox 915 1496 1094 1552; x_wconf 86' lang='lat' dir='ltr'>proferre</span> <span class='ocrx_word' id='word_1_171' title='bbox 1103 1511 1124 1548; x_wconf 89' lang='lat'>,·</span> <span class='ocrx_word' id='word_1_172' title='bbox 1149 1509 1273 1555; x_wconf 89' lang='lat' dir='ltr'>quem</span> <span class='ocrx_word' id='word_1_173' title='bbox 1302 1497 1386 1539; x_wconf 84' lang='lat' dir='ltr'>iam</span> <span class='ocrx_word' id='word_1_174' title='bbox 1418 1494 1500 1540; x_wconf 83' lang='lat' dir='ltr'>alio</span> <span class='ocrx_word' id='word_1_175' title='bbox 1524 1508 1711 1554; x_wconf 85' lang='lat' dir='ltr'>tempore</span> 
     </span>
     <span class='ocr_line' id='line_1_22' title="bbox 248 1551 1711 1616; baseline -0.001 -15"><span class='ocrx_word' id='word_1_176' title='bbox 248 1551 469 1615; x_wconf 76' lang='lat' dir='ltr'>discspulis,</span> <span class='ocrx_word' id='word_1_177' title='bbox 505 1559 577 1616; x_wconf 93' lang='lat' dir='ltr'>qui</span> <span class='ocrx_word' id='word_1_178' title='bbox 615 1567 658 1600; x_wconf 91' lang='lat' dir='ltr'>et</span> <span class='ocrx_word' id='word_1_179' title='bbox 694 1558 771 1613; x_wconf 90' lang='lat' dir='ltr'>ipsi</span> <span class='ocrx_word' id='word_1_180' title='bbox 811 1568 920 1599; x_wconf 88' lang='lat' dir='ltr'>nunc</span> <span class='ocrx_word' id='word_1_181' title='bbox 959 1554 1135 1600; x_wconf 83' lang='lat' dir='ltr'>adfuisse</span> <span class='ocrx_word' id='word_1_182' title='bbox 1175 1556 1405 1614; x_wconf 80' lang='lat' dir='ltr'>finguntur,</span> <span class='ocrx_word' id='word_1_183' title='bbox 1445 1560 1711 1615; x_wconf 85' lang='lat' dir='ltr'>exposuisset.</span> 
     </span>
     <span class='ocr_line' id='line_1_23' title="bbox 250 1617 1713 1677; baseline -0.001 -14"><span class='ocrx_word' id='word_1_184' title='bbox 250 1621 292 1663; x_wconf 92' lang='lat' dir='ltr'>Si</span> <span class='ocrx_word' id='word_1_185' title='bbox 329 1621 438 1662; x_wconf 89' lang='lat' dir='ltr'>enirn</span> <span class='ocrx_word' id='word_1_186' title='bbox 474 1618 662 1674; x_wconf 87' lang='lat' dir='ltr'>mythum</span> <span class='ocrx_word' id='word_1_187' title='bbox 696 1617 766 1662; x_wconf 93' lang='lat' dir='ltr'>diu</span> <span class='ocrx_word' id='word_1_188' title='bbox 799 1629 947 1661; x_wconf 88' lang='lat' dir='ltr'>notum</span> <span class='ocrx_word' id='word_1_189' title='bbox 972 1620 1213 1671; x_wconf 87' lang='lat' dir='ltr'>recoxisset‚</span> <span class='ocrx_word' id='word_1_190' title='bbox 1245 1622 1435 1662; x_wconf 86' lang='lat' dir='ltr'>omnium</span> <span class='ocrx_word' id='word_1_191' title='bbox 1463 1633 1579 1677; x_wconf 89' lang='lat' dir='ltr'>spem</span> <span class='ocrx_word' id='word_1_192' title='bbox 1603 1617 1713 1663; x_wconf 85' lang='lat' dir='ltr'>fefel-</span> 
     </span>
     <span class='ocr_line' id='line_1_24' title="bbox 250 1677 1712 1740; baseline 0 -15"><span class='ocrx_word' id='word_1_193' title='bbox 250 1680 378 1735; x_wconf 85' lang='lat' dir='ltr'>lisset,</span> <span class='ocrx_word' id='word_1_194' title='bbox 426 1681 530 1740; x_wconf 80' lang='lat' dir='ltr'>quae</span> <span class='ocrx_word' id='word_1_195' title='bbox 576 1681 620 1723; x_wconf 90' lang='lat' dir='ltr'>in</span> <span class='ocrx_word' id='word_1_196' title='bbox 657 1677 934 1737; x_wconf 86' lang='lat' dir='ltr'>superioribus</span> <span class='ocrx_word' id='word_1_197' title='bbox 971 1691 1179 1738; x_wconf 82' lang='lat' dir='ltr'>tantopere</span> <span class='ocrx_word' id='word_1_198' title='bbox 1217 1684 1388 1724; x_wconf 80' lang='lat' dir='ltr'>excitata</span> <span class='ocrx_word' id='word_1_199' title='bbox 1426 1693 1524 1729; x_wconf 80' lang='lat' dir='ltr'>erat.</span> <span class='ocrx_word' id='word_1_200' title='bbox 1604 1684 1712 1726; x_wconf 84' lang='lat' dir='ltr'>Nam</span> 
     </span>
     <span class='ocr_line' id='line_1_25' title="bbox 249 1739 1713 1806; baseline 0.001 -18"><span class='ocrx_word' id='word_1_201' title='bbox 249 1758 381 1806; x_wconf 85' lang='lat' dir='ltr'>quum</span> <span class='ocrx_word' id='word_1_202' title='bbox 407 1745 524 1787; x_wconf 85' lang='lat' dir='ltr'>variis</span> <span class='ocrx_word' id='word_1_203' title='bbox 552 1743 594 1786; x_wconf 91' lang='lat' dir='ltr'>in</span> <span class='ocrx_word' id='word_1_204' title='bbox 623 1739 724 1787; x_wconf 88' lang='lat' dir='ltr'>locis</span> <span class='ocrx_word' id='word_1_205' title='bbox 752 1740 1005 1801; x_wconf 77' lang='lat' dir='ltr'>dissimulans</span> <span class='ocrx_word' id='word_1_206' title='bbox 1032 1742 1221 1797; x_wconf 86' lang='lat' dir='ltr'>dixisset,</span> <span class='ocrx_word' id='word_1_207' title='bbox 1251 1757 1293 1788; x_wconf 89' lang='lat' dir='ltr'>se</span> <span class='ocrx_word' id='word_1_208' title='bbox 1319 1756 1410 1802; x_wconf 88' lang='lat' dir='ltr'>post</span> <span class='ocrx_word' id='word_1_209' title='bbox 1433 1756 1496 1789; x_wconf 91' lang='lat' dir='ltr'>tot</span> <span class='ocrx_word' id='word_1_210' title='bbox 1516 1742 1713 1790; x_wconf 72' lang='lat' dir='ltr'>excellen-</span> 
     </span>
     <span class='ocr_line' id='line_1_26' title="bbox 250 1802 1714 1869; baseline 0 -17"><span class='ocrx_word' id='word_1_211' title='bbox 250 1819 312 1852; x_wconf 66' lang='lat' dir='ltr'>tes</span> <span class='ocrx_word' id='word_1_212' title='bbox 341 1817 524 1852; x_wconf 87' lang='lat' dir='ltr'>oratores</span> <span class='ocrx_word' id='word_1_213' title='bbox 558 1802 676 1860; x_wconf 84' lang='lat' dir='ltr'>nihil,</span> <span class='ocrx_word' id='word_1_214' title='bbox 708 1804 820 1867; x_wconf 89' lang='lat' dir='ltr'>quod</span> <span class='ocrx_word' id='word_1_215' title='bbox 851 1809 1006 1851; x_wconf 83' lang='lat' dir='ltr'>Amore</span> <span class='ocrx_word' id='word_1_216' title='bbox 1028 1817 1131 1850; x_wconf 86' lang='lat' dir='ltr'>esset</span> <span class='ocrx_word' id='word_1_217' title='bbox 1149 1805 1342 1865; x_wconf 87' lang='lat' dir='ltr'>dignum,</span> <span class='ocrx_word' id='word_1_218' title='bbox 1373 1806 1631 1869; x_wconf 83' lang='lat' dir='ltr'>prolaturum</span> <span class='ocrx_word' id='word_1_219' title='bbox 1653 1821 1714 1866; x_wconf 66' lang='lat' dir='ltr'>es·⁴</span> 
     </span>
    </p>
   </div>
   <div class='ocr_carea' id='block_1_6' title="bbox 898 1882 1649 1927">
    <p class='ocr_par' dir='ltr' id='par_1_6' title="bbox 898 1882 1649 1927">
     <span class='ocr_line' id='line_1_27' title="bbox 898 1882 1649 1927; baseline -0.001 -3"><span class='ocrx_word' id='word_1_220' title='bbox 898 1897 963 1927; x_wconf 71' lang='grc' dir='ltr'>*ιιι</span> <span class='ocrx_word' id='word_1_221' title='bbox 994 1882 1016 1926; x_wconf 85' lang='grc'><strong>3</strong></span> <span class='ocrx_word' id='word_1_222' title='bbox 1591 1884 1649 1923; x_wconf 67' lang='lat'>⁵02</span> 
     </span>
    </p>
   </div>
   <div class='ocr_carea' id='block_1_7' title="bbox 303 1989 1718 2191">
    <p class='ocr_par' dir='ltr' id='par_1_7' title="bbox 303 1989 1718 2191">
     <span class='ocr_line' id='line_1_28' title="bbox 303 1989 1718 2040; baseline 0.001 -14"><span class='ocrx_word' id='word_1_223' title='bbox 303 2001 352 2034; x_wconf 85' lang='lat'>¹9·</span> <span class='ocrx_word' id='word_1_224' title='bbox 373 1989 556 2025; x_wconf 67' lang='lat' dir='ltr'>nudantur</span> <span class='ocrx_word' id='word_1_225' title='bbox 578 1990 617 2025; x_wconf 76' lang='lat' dir='ltr'>ab</span> <span class='ocrx_word' id='word_1_226' title='bbox 640 1992 818 2032; x_wconf 75' lang='lat' dir='ltr'>Hiittnero,</span> <span class='ocrx_word' id='word_1_227' title='bbox 842 1993 899 2037; x_wconf 85' lang='lat' dir='ltr'>qui</span> <span class='ocrx_word' id='word_1_228' title='bbox 922 1992 1105 2027; x_wconf 88' lang='lat' dir='ltr'>Londinum</span> <span class='ocrx_word' id='word_1_229' title='bbox 1129 2003 1216 2026; x_wconf 87' lang='lat' dir='ltr'>nunc</span> <span class='ocrx_word' id='word_1_230' title='bbox 1240 1992 1367 2032; x_wconf 83' lang='lat' dir='ltr'>sedem,</span> <span class='ocrx_word' id='word_1_231' title='bbox 1390 1992 1447 2027; x_wconf 81' lang='lat' dir='ltr'>sed</span> <span class='ocrx_word' id='word_1_232' title='bbox 1471 1991 1642 2028; x_wconf 74' lang='lat' dir='ltr'>Gubenam</span> <span class='ocrx_word' id='word_1_233' title='bbox 1660 1991 1718 2040; x_wconf 60' lang='lat' dir='ltr'>pul</span> 
     </span>
     <span class='ocr_line' id='line_1_29' title="bbox 360 2045 1714 2093; baseline 0.004 -15"><span class='ocrx_word' id='word_1_234' title='bbox 360 2046 452 2079; x_wconf 78' lang='lat' dir='ltr'>triam</span> <span class='ocrx_word' id='word_1_235' title='bbox 475 2045 587 2085; x_wconf 79' lang='lat' dir='ltr'>habet,</span> <span class='ocrx_word' id='word_1_236' title='bbox 619 2047 654 2080; x_wconf 87' lang='lat' dir='ltr'>in</span> <span class='ocrx_word' id='word_1_237' title='bbox 676 2047 786 2085; x_wconf 72' lang='lat' dir='ltr'>libello</span> <span class='ocrx_word' id='word_1_238' title='bbox 819 2046 859 2081; x_wconf 85' lang='lat' dir='ltr'>de</span> <span class='ocrx_word' id='word_1_239' title='bbox 884 2048 1009 2093; x_wconf 79' lang='lat' dir='ltr'>Mythis</span> <span class='ocrx_word' id='word_1_240' title='bbox 1033 2049 1171 2081; x_wconf 80' lang='lat' dir='ltr'>Platonis</span> <span class='ocrx_word' id='word_1_241' title='bbox 1193 2060 1224 2092; x_wconf 85' lang='lat' dir='ltr'>p.</span> <span class='ocrx_word' id='word_1_242' title='bbox 1248 2050 1304 2083; x_wconf 83' lang='lat' dir='ltr'>XI.</span> <span class='ocrx_word' id='word_1_243' title='bbox 1326 2049 1411 2081; x_wconf 86' lang='lat' dir='ltr'>Huic</span> <span class='ocrx_word' id='word_1_244' title='bbox 1434 2057 1544 2082; x_wconf 73' lang='lat' dir='ltr'>autem</span> <span class='ocrx_word' id='word_1_245' title='bbox 1568 2050 1635 2083; x_wconf 85' lang='lat' dir='ltr'>viro</span> <span class='ocrx_word' id='word_1_246' title='bbox 1658 2049 1714 2083; x_wconf 85' lang='lat' dir='ltr'>do·</span> 
     </span>
     <span class='ocr_line' id='line_1_30' title="bbox 362 2100 1712 2153; baseline 0.005 -20"><span class='ocrx_word' id='word_1_247' title='bbox 362 2100 502 2153; x_wconf 61' lang='lat' dir='ltr'>{tissime</span> <span class='ocrx_word' id='word_1_248' title='bbox 525 2110 592 2133; x_wconf 86' lang='lat' dir='ltr'>non</span> <span class='ocrx_word' id='word_1_249' title='bbox 615 2103 769 2135; x_wconf 75' lang='lat' dir='ltr'>assentior</span> <span class='ocrx_word' id='word_1_250' title='bbox 791 2101 911 2137; x_wconf 80' lang='lat' dir='ltr'>dicenti</span> <span class='ocrx_word' id='word_1_251' title='bbox 933 2104 989 2148; x_wconf 74' lang='lat' dir='ltr'>(p.</span> <span class='ocrx_word' id='word_1_252' title='bbox 1011 2104 1115 2145; x_wconf 65' lang='lat' dir='ltr'>xm),</span> <span class='ocrx_word' id='word_1_253' title='bbox 1140 2103 1268 2148; x_wconf 78' lang='lat' dir='ltr'>mythos</span> <span class='ocrx_word' id='word_1_254' title='bbox 1283 2104 1446 2150; x_wconf 79' lang='lat' dir='ltr'>Symposii</span> <span class='ocrx_word' id='word_1_255' title='bbox 1470 2111 1595 2138; x_wconf 73' lang='lat' dir='ltr'>tantum</span> <span class='ocrx_word' id='word_1_256' title='bbox 1619 2115 1712 2145; x_wconf 60' lang='lat' dir='ltr'>emat</span> 
     </span>
     <span class='ocr_line' id='line_1_31' title="bbox 360 2162 798 2191; baseline 0.005 -2"><span class='ocrx_word' id='word_1_257' title='bbox 360 2163 411 2189; x_wconf 74' lang='lat' dir='ltr'>tut</span> <span class='ocrx_word' id='word_1_258' title='bbox 434 2164 541 2190; x_wconf 76' lang='lat' dir='ltr'>caussa</span> <span class='ocrx_word' id='word_1_259' title='bbox 562 2162 697 2190; x_wconf 62' lang='lat' dir='ltr'>nuceto:</span> <span class='ocrx_word' id='word_1_260' title='bbox 721 2166 798 2191; x_wconf 79' lang='lat' dir='ltr'>esse.</span> 
     </span>
    </p>
   </div>
  </div>
 </body>
</html>
