1943 2400
329 153 387 193 12

267 259 410 321 partim
443 260 568 306 etiam
597 268 737 307 natura
766 262 825 308 rei
856 261 939 321 ipsa
968 262 1062 307 satis
1091 259 1292 324 loquitur·
1368 259 1581 329 Qaedatn
1613 262 1725 308 enim

266 322 520 369 imbecillitas
552 328 656 369 inest
686 329 729 369 in
756 340 829 378 eo,
861 324 974 384 quod
999 328 1069 380 iis,
1102 341 1205 385 quae
1227 330 1438 384 cupimus,
1469 326 1600 370 adhuc
1621 339 1727 369 care·

268 399 378 438 mus3
408 398 552 432 contra
586 398 741 440 autem,
773 390 804 431 si
835 401 933 430 cum
958 388 1119 432 feruore
1144 400 1186 433 et
1214 392 1436 433 constantia
1458 391 1500 433 in
1528 401 1579 433 eo
1598 384 1730 432 elabo-

267 463 424 502 ramus,
456 462 499 494 vt
529 453 729 507 exoptatis
761 453 989 508 potiamur,
1030 463 1071 495 et
1093 454 1141 495 iis
1173 454 1289 509 potiti
1317 450 1487 495 laetandi
1521 453 1729 494 materiam

267 509 488 566 habemus,
519 510 736 569 perfed'tior
767 515 918 555 amoris
948 523 1088 556 natura
1114 524 1291 571 apparet.
1354 516 1438 556 lam
1459 526 1589 573 quum
1615 525 1731 557 amor

267 586 354 618 tam
382 573 542 619 diverso
569 573 754 634 resped‘tu
781 575 1027 620 considerari
1048 579 1194 633 possit,
1233 573 1423 620 facillime
1448 573 1623 632 intelligi
1644 586 1729 633 pot·

271 648 353 690 est,
392 638 582 692 mythum
618 640 821 695 aptissime
853 651 944 682 esse
975 637 1223 690 considium,
1256 651 1297 682 et
1327 636 1460 682 nullos
1476 636 1577 681 alios
1599 650 1735 695 paren-

270 710 332 743 tes
368 701 515 742 Amori
553 697 702 744 melius
741 703 977 752 conuenire,
1022 713 1146 759 quam
1186 703 1342 743 Porum
1380 711 1421 743 et
1462 702 1639 747 Peniam.
1676 718 1759 753 ·-·,

268 759 431 805 Deinde
461 764 643 806 Socrates
660 763 743 807 hoc
766 763 911 819 mytho
932 764 1099 808 fortasse
1119 765 1240 806 etiam
1265 762 1413 806 docere
1435 761 1563 805 videri
1587 772 1734 819 potest,

271 822 541 881 cupiditatem
575 822 734 882 pulchri
766 837 808 869 et
833 824 932 869 boni
961 823 1156 869 omnibus
1180 822 1420 869 hominibus
1439 838 1527 868 esse
1551 838 1736 869 commu·

272 899 384 933 nem.
406 936 416 942 ‚
439 888 480 929 Si
503 888 616 930 enim
642 890 771 931 Amor
805 890 959 931 Porum
989 898 1031 930 et
1060 889 1209 937 Penian
1251 884 1372 930 habet
1407 897 1610 943 parentes,
1652 901 1737 931 non

274 959 434 991 tantum
462 963 563 992 cum
592 947 805 1003 diuitibus,
846 949 916 993 sed
947 951 1071 993 etiam
1101 963 1198 992 cum
1220 946 1470 1006 pauperibus
1501 947 1738 993 versabitur.

272 1011 437 1054 Diuites
465 1021 605 1055 autem
633 1022 675 1055 et
695 1025 892 1070 pauperes
923 1025 1041 1069 saepe
1064 1025 1141 1068 pro
1166 1014 1358 1055 uniuerso
1384 1024 1535 1068 genere
1556 1011 1738 1055 humano

271 1084 497 1131 ponuntur.
560 1076 615 1117 At
638 1077 826 1133 quamuis
850 1072 977 1131 paulo
997 1074 1165 1117 inferius
1188 1085 1256 1130 17.
1282 1072 1445 1117 disertis
1468 1070 1600 1116 verbis
1621 1085 1740 1123 amor

273 1133 472 1178 omnibus
500 1138 734 1179 communis
764 1134 940 1189 dicatur,
970 1146 1106 1180 tamen
1132 1137 1174 1178 in
1202 1137 1294 1192 ipso
1324 1133 1450 1191 mythi
1470 1131 1647 1178 vberiori
1672 1148 1738 1178 ex·

270 1193 494 1254 plicatione
525 1195 624 1240 nihil
655 1197 857 1241 eiusmodi
888 1199 1108 1255 reperitur,
1138 1207 1182 1240 et
1208 1194 1337 1241 multa
1356 1196 1459 1240 mihi
1484 1195 1740 1254 persuadent,

275 1261 486 1302 Socratem
509 1256 567 1300 nil
586 1261 664 1300 nisi
686 1273 809 1315 supra
829 1258 978 1300 dictam
1001 1257 1113 1301 illam
1132 1261 1333 1301 internam
1356 1261 1521 1303 Amoris
1541 1262 1740 1307 rationem
1786 1290 1790 1293 -

275 1320 361 1366 hoc
384 1319 528 1378 mytho
552 1321 784 1379 exprimere
808 1316 998 1365 voluisse.

441 1464 566 1507 Nune
595 1464 718 1507 etiam
748 1476 884 1521 pauca
906 1461 958 1507 de
980 1460 1125 1507 indole'
1146 1473 1186 1506 et
1209 1472 1359 1507 natura¹
1374 1463 1501 1506 nostri
1532 1460 1660 1517 mythi
1689 1458 1745 1504 di-

276 1524 405 1569 cenda
434 1537 539 1567 sunt.
602 1527 643 1568 Si
673 1525 741 1567 hic
766 1525 931 1580 mythus
957 1538 1057 1568 cum
1086 1538 1138 1567 eo
1165 1536 1446 1583 comparatur,
1477 1537 1601 1581 quem
1633 1520 1744 1566 Plato

277 1586 545 1644 Aristophani
568 1590 715 1643 poe'tae
742 1584 881 1629 tribuit
916 1591 993 1638 18,
1024 1582 1230 1629 intellectu
1253 1583 1490 1629 facillimum
1513 1596 1595 1636 est,
1622 1581 1743 1628 illum

278 1647 330 1692 ab
349 1648 433 1692 hoc
455 1647 778 1692 diuersissimum
803 1660 901 1691 esse.
967 1651 1021 1691 Vt
1043 1650 1154 1693 enim
1175 1647 1459 1705 Aristophanis
1480 1648 1643 1703 mythus
1667 1644 1743 1690 lae·

278 1712 393 1756 tioris
416 1721 477 1755 est
495 1712 676 1768 generis,
699 1720 753 1765 et,
779 1721 823 1755 vt
845 1709 1022 1764 videtur,
1048 1721 1262 1769 propterea
1285 1712 1560 1769 composituS‚
1584 1720 1628 1753 vt
1649 1722 1745 1753 eon·

278 1777 400 1818 vinae
420 1772 754 1826 exhilararentur,
786 1776 844 1817 sic
867 1774 1032 1830 mythus
1054 1775 1206 1817 Socrati
1237 1771 1413 1817 tributus
1437 1772 1485 1822 ad
1511 1786 1640 1829 genus
1660 1786 1744 1828 my-

281 1837 455 1880 thorum
492 1838 625 1891 magis
650 1837 801 1878 serium
821 1838 1008 1891 pertinet.
1072 1839 1125 1878 Vt
1149 1848 1281 1894 porro·
1304 1835 1580 1892 Aristophanis
1604 1835 1745 1889 mytho

1576 1893 1683 1941 incili

333 2031 384 2068 ιγ.
406 2022 479 2056 vid.
504 2034 532 2057 c.
559 2032 615 2065 24,
641 2031 670 2069 ς.

330 2117 384 2153 ¹8·
408 2112 484 2149 vid,
505 2125 533 2147 c.
563 2124 614 2155 14,
640 2123 671 2158 3.
692 2110 734 2148 ss.
755 2110 904 2148 Confert-i
926 2120 1032 2157 potest
1054 2112 1199 2147 Prolusio
1222 2121 1294 2147 men
1318 2111 1357 2146 de
1381 2110 1499 2157 Mytlro
1522 2109 1742 2155 ArIstophanic

385 2168 422 2201 in
444 2169 591 2213 Sympos.
614 2169 689 2204 Plnt.
